{
    "symbol": "NET",
    "annualReports": [
        {
            "fiscalDateEnding": "2025-12-31",
            "reportedCurrency": "USD",
            "grossProfit": "1613586000",
            "totalRevenue": "2167937000",
            "costOfRevenue": "554351000",
            "costofGoodsAndServicesSold": "554351000",
            "operatingIncome": "-203296000",
            "sellingGeneralAndAdministrative": "389311000",
            "researchAndDevelopment": "512489000",
            "operatingExpenses": "1816882000",
            "investmentIncomeNet": "None",
            "netInterestIncome": "None",
            "interestIncome": "122453000",
            "interestExpense": "8766000",
            "nonInterestIncome": "None",
            "otherNonOperatingIncome": "None",
            "depreciation": "None",
            "depreciationAndAmortization": "291365000",
            "incomeBeforeTax": "-92706000",
            "incomeTaxExpense": "9561000",
            "interestAndDebtExpense": "None",
            "netIncomeFromContinuingOperations": "None",
            "comprehensiveIncomeNetOfTax": "None",
            "ebit": "-203296000",
            "ebitda": "88069000",
            "netIncome": "-102267000"
        },
        {
            "fiscalDateEnding": "2024-12-31",
            "reportedCurrency": "USD",
            "grossProfit": "1290924000",
            "totalRevenue": "1669626000",
            "costOfRevenue": "378702000",
            "costofGoodsAndServicesSold": "378702000",
            "operatingIncome": "-154761000",
            "sellingGeneralAndAdministrative": "278520000",
            "researchAndDevelopment": "421374000",
            "operatingExpenses": "1445685000",
            "investmentIncomeNet": "None",
            "netInterestIncome": "82230000",
            "interestIncome": "87426000",
            "interestExpense": "5196000",
            "nonInterestIncome": "None",
            "otherNonOperatingIncome": "None",
            "depreciation": "None",
            "depreciationAndAmortization": "127722000",
            "incomeBeforeTax": "-70871000",
            "incomeTaxExpense": "7929000",
            "interestAndDebtExpense": "None",
            "netIncomeFromContinuingOperations": "-78800000",
            "comprehensiveIncomeNetOfTax": "None",
            "ebit": "-65675000",
            "ebitda": "62047000",
            "netIncome": "-78800000"
        },
        {
            "fiscalDateEnding": "2023-12-31",
            "reportedCurrency": "USD",
            "grossProfit": "989740000",
            "totalRevenue": "1296745000",
            "costOfRevenue": "307005000",
            "costofGoodsAndServicesSold": "307005000",
            "operatingIncome": "-185485000",
            "sellingGeneralAndAdministrative": "217965000",
            "researchAndDevelopment": "358143000",
            "operatingExpenses": "1175225000",
            "investmentIncomeNet": "None",
            "netInterestIncome": "50622000",
            "interestIncome": "56300000",
            "interestExpense": "5872000",
            "nonInterestIncome": "None",
            "otherNonOperatingIncome": "None",
            "depreciation": "None",
            "depreciationAndAmortization": "197194000",
            "incomeBeforeTax": "-177862000",
            "incomeTaxExpense": "6087000",
            "interestAndDebtExpense": "None",
            "netIncomeFromContinuingOperations": "-202001000",
            "comprehensiveIncomeNetOfTax": "None",
            "ebit": "-185485000",
            "ebitda": "-185485000",
            "netIncome": "-183949000"
        },
        {
            "fiscalDateEnding": "2022-12-31",
            "reportedCurrency": "USD",
            "grossProfit": "742631000",
            "totalRevenue": "975241000",
            "costOfRevenue": "232610000",
            "costofGoodsAndServicesSold": "232610000",
            "operatingIncome": "-248756000",
            "sellingGeneralAndAdministrative": "179769000",
            "researchAndDevelopment": "346121000",
            "operatingExpenses": "991387000",
            "investmentIncomeNet": "None",
            "netInterestIncome": "9893000",
            "interestIncome": "14877000",
            "interestExpense": "4984000",
            "nonInterestIncome": "None",
            "otherNonOperatingIncome": "15454000",
            "depreciation": "None",
            "depreciationAndAmortization": "145115000",
            "incomeBeforeTax": "-242233000",
            "incomeTaxExpense": "-48852000",
            "interestAndDebtExpense": "None",
            "netIncomeFromContinuingOperations": "-193381000",
            "comprehensiveIncomeNetOfTax": "None",
            "ebit": "-237249000",
            "ebitda": "-92134000",
            "netIncome": "-193381000"
        },
        {
            "fiscalDateEnding": "2021-12-31",
            "reportedCurrency": "USD",
            "grossProfit": "509292000",
            "totalRevenue": "656426000",
            "costOfRevenue": "147134000",
            "costofGoodsAndServicesSold": "147134000",
            "operatingIncome": "-148204000",
            "sellingGeneralAndAdministrative": "119503000",
            "researchAndDevelopment": "210308000",
            "operatingExpenses": "657496000",
            "investmentIncomeNet": "None",
            "netInterestIncome": "-47264000",
            "interestIncome": "47264000",
            "interestExpense": "49234000",
            "nonInterestIncome": "None",
            "otherNonOperatingIncome": "-71058000",
            "depreciation": "None",
            "depreciationAndAmortization": "94467000",
            "incomeBeforeTax": "-268876000",
            "incomeTaxExpense": "-8567000",
            "interestAndDebtExpense": "None",
            "netIncomeFromContinuingOperations": "-260309000",
            "comprehensiveIncomeNetOfTax": "None",
            "ebit": "-219642000",
            "ebitda": "-125175000",
            "netIncome": "-260309000"
        },
        {
            "fiscalDateEnding": "2020-12-31",
            "reportedCurrency": "USD",
            "grossProfit": "330004000",
            "totalRevenue": "431059000",
            "costOfRevenue": "101055000",
            "costofGoodsAndServicesSold": "101055000",
            "operatingIncome": "-110489000",
            "sellingGeneralAndAdministrative": "91753000",
            "researchAndDevelopment": "131419000",
            "operatingExpenses": "440493000",
            "investmentIncomeNet": "None",
            "netInterestIncome": "-18376000",
            "interestIncome": "6588000",
            "interestExpense": "24964000",
            "nonInterestIncome": "None",
            "otherNonOperatingIncome": "6759000",
            "depreciation": "None",
            "depreciationAndAmortization": "66324000",
            "incomeBeforeTax": "-134973000",
            "incomeTaxExpense": "-15603000",
            "interestAndDebtExpense": "None",
            "netIncomeFromContinuingOperations": "-119370000",
            "comprehensiveIncomeNetOfTax": "None",
            "ebit": "-110009000",
            "ebitda": "-43685000",
            "netIncome": "-119370000"
        },
        {
            "fiscalDateEnding": "2019-12-31",
            "reportedCurrency": "USD",
            "grossProfit": "223599000",
            "totalRevenue": "287022000",
            "costOfRevenue": "63423000",
            "costofGoodsAndServicesSold": "63423000",
            "operatingIncome": "-118246000",
            "sellingGeneralAndAdministrative": "81578000",
            "researchAndDevelopment": "100969000",
            "operatingExpenses": "341845000",
            "investmentIncomeNet": "None",
            "netInterestIncome": "4675000",
            "interestIncome": "4475000",
            "interestExpense": "1112000",
            "nonInterestIncome": "None",
            "otherNonOperatingIncome": "None",
            "depreciation": "None",
            "depreciationAndAmortization": "29479000",
            "incomeBeforeTax": "-115013000",
            "incomeTaxExpense": "-9185000",
            "interestAndDebtExpense": "None",
            "netIncomeFromContinuingOperations": "-105828000",
            "comprehensiveIncomeNetOfTax": "None",
            "ebit": "-113901000",
            "ebitda": "-84422000",
            "netIncome": "-105828000"
        },
        {
            "fiscalDateEnding": "2018-12-31",
            "reportedCurrency": "USD",
            "grossProfit": "149137000",
            "totalRevenue": "192674000",
            "costOfRevenue": "43537000",
            "costofGoodsAndServicesSold": "43537000",
            "operatingIncome": "-84899000",
            "sellingGeneralAndAdministrative": "85179000",
            "researchAndDevelopment": "54463000",
            "operatingExpenses": "234036000",
            "investmentIncomeNet": "None",
            "netInterestIncome": "903000",
            "interestIncome": "903000",
            "interestExpense": "992000",
            "nonInterestIncome": "None",
            "otherNonOperatingIncome": "None",
            "depreciation": "None",
            "depreciationAndAmortization": "18905000",
            "incomeBeforeTax": "-86087000",
            "incomeTaxExpense": "1077000",
            "interestAndDebtExpense": "None",
            "netIncomeFromContinuingOperations": "-87164000",
            "comprehensiveIncomeNetOfTax": "None",
            "ebit": "-85095000",
            "ebitda": "-66190000",
            "netIncome": "-87164000"
        },
        {
            "fiscalDateEnding": "2017-12-31",
            "reportedCurrency": "USD",
            "grossProfit": "106127000",
            "totalRevenue": "134915000",
            "costOfRevenue": "28788000",
            "costofGoodsAndServicesSold": "28788000",
            "operatingIncome": "-9730000",
            "sellingGeneralAndAdministrative": "20308000",
            "researchAndDevelopment": "33650000",
            "operatingExpenses": "115857000",
            "investmentIncomeNet": "None",
            "netInterestIncome": "-100000",
            "interestIncome": "100000",
            "interestExpense": "862000",
            "nonInterestIncome": "None",
            "otherNonOperatingIncome": "None",
            "depreciation": "None",
            "depreciationAndAmortization": "12174000",
            "incomeBeforeTax": "-9715000",
            "incomeTaxExpense": "1032999",
            "interestAndDebtExpense": "None",
            "netIncomeFromContinuingOperations": "-10748000",
            "comprehensiveIncomeNetOfTax": "None",
            "ebit": "-8853000",
            "ebitda": "3321000",
            "netIncome": "-10748000"
        },
        {
            "fiscalDateEnding": "2016-12-31",
            "reportedCurrency": "USD",
            "grossProfit": "60829000",
            "totalRevenue": "84791000",
            "costOfRevenue": "23962000",
            "costofGoodsAndServicesSold": "23962000",
            "operatingIncome": "-17029000",
            "sellingGeneralAndAdministrative": "14073000",
            "researchAndDevelopment": "23663000",
            "operatingExpenses": "77858000",
            "investmentIncomeNet": "None",
            "netInterestIncome": "-28000",
            "interestIncome": "28000",
            "interestExpense": "654000",
            "nonInterestIncome": "None",
            "otherNonOperatingIncome": "None",
            "depreciation": "None",
            "depreciationAndAmortization": "8355000",
            "incomeBeforeTax": "-17265000",
            "incomeTaxExpense": "69000",
            "interestAndDebtExpense": "None",
            "netIncomeFromContinuingOperations": "-17334000",
            "comprehensiveIncomeNetOfTax": "None",
            "ebit": "-16611000",
            "ebitda": "-8256000",
            "netIncome": "-17334000"
        }
    ],
    "quarterlyReports": [
        {
            "fiscalDateEnding": "2025-12-31",
            "reportedCurrency": "USD",
            "grossProfit": "456204000",
            "totalRevenue": "614507000",
            "costOfRevenue": "158303000",
            "costofGoodsAndServicesSold": "158303000",
            "operatingIncome": "-45437000",
            "sellingGeneralAndAdministrative": "108760000",
            "researchAndDevelopment": "141887000",
            "operatingExpenses": "501641000",
            "investmentIncomeNet": "None",
            "netInterestIncome": "None",
            "interestIncome": "38998000",
            "interestExpense": "2887000",
            "nonInterestIncome": "None",
            "otherNonOperatingIncome": "None",
            "depreciation": "None",
            "depreciationAndAmortization": "75686000",
            "incomeBeforeTax": "-10508000",
            "incomeTaxExpense": "1569000",
            "interestAndDebtExpense": "None",
            "netIncomeFromContinuingOperations": "None",
            "comprehensiveIncomeNetOfTax": "None",
            "ebit": "-124920000",
            "ebitda": "-45437000",
            "netIncome": "-12077000"
        },
        {
            "fiscalDateEnding": "2025-09-30",
            "reportedCurrency": "USD",
            "grossProfit": "415711000",
            "totalRevenue": "562027000",
            "costOfRevenue": "146316000",
            "costofGoodsAndServicesSold": "146316000",
            "operatingIncome": "-37460000",
            "sellingGeneralAndAdministrative": "95906000",
            "researchAndDevelopment": "120956000",
            "operatingExpenses": "453171000",
            "investmentIncomeNet": "None",
            "netInterestIncome": "39617000",
            "interestIncome": "42529000",
            "interestExpense": "2912000",
            "nonInterestIncome": "None",
            "otherNonOperatingIncome": "None",
            "depreciation": "None",
            "depreciationAndAmortization": "79460000",
            "incomeBeforeTax": "1850000",
            "incomeTaxExpense": "3140000",
            "interestAndDebtExpense": "None",
            "netIncomeFromContinuingOperations": "-1290000",
            "comprehensiveIncomeNetOfTax": "None",
            "ebit": "4762000",
            "ebitda": "84222000",
            "netIncome": "-1290000"
        },
        {
            "fiscalDateEnding": "2025-06-30",
            "reportedCurrency": "USD",
            "grossProfit": "383639000",
            "totalRevenue": "512316000",
            "costOfRevenue": "128677000",
            "costofGoodsAndServicesSold": "128677000",
            "operatingIncome": "-67264000",
            "sellingGeneralAndAdministrative": "96987000",
            "researchAndDevelopment": "134557000",
            "operatingExpenses": "450903000",
            "investmentIncomeNet": "None",
            "netInterestIncome": "23882000",
            "interestIncome": "25406000",
            "interestExpense": "1524000",
            "nonInterestIncome": "None",
            "otherNonOperatingIncome": "None",
            "depreciation": "None",
            "depreciationAndAmortization": "45481000",
            "incomeBeforeTax": "-47289000",
            "incomeTaxExpense": "3157000",
            "interestAndDebtExpense": "None",
            "netIncomeFromContinuingOperations": "-50446000",
            "comprehensiveIncomeNetOfTax": "None",
            "ebit": "-45765000",
            "ebitda": "-284000",
            "netIncome": "-50446000"
        },
        {
            "fiscalDateEnding": "2025-03-31",
            "reportedCurrency": "USD",
            "grossProfit": "363511000",
            "totalRevenue": "479087000",
            "costOfRevenue": "115576000",
            "costofGoodsAndServicesSold": "115576000",
            "operatingIncome": "-53247000",
            "sellingGeneralAndAdministrative": "87658000",
            "researchAndDevelopment": "115089000",
            "operatingExpenses": "416758000",
            "investmentIncomeNet": "None",
            "netInterestIncome": "19956000",
            "interestIncome": "21399000",
            "interestExpense": "1443000",
            "nonInterestIncome": "None",
            "otherNonOperatingIncome": "None",
            "depreciation": "None",
            "depreciationAndAmortization": "42207000",
            "incomeBeforeTax": "-36759000",
            "incomeTaxExpense": "1695000",
            "interestAndDebtExpense": "None",
            "netIncomeFromContinuingOperations": "-38454000",
            "comprehensiveIncomeNetOfTax": "None",
            "ebit": "-35316000",
            "ebitda": "6891000",
            "netIncome": "-38454000"
        },
        {
            "fiscalDateEnding": "2024-12-31",
            "reportedCurrency": "USD",
            "grossProfit": "350898000",
            "totalRevenue": "459946000",
            "costOfRevenue": "109048000",
            "costofGoodsAndServicesSold": "109048000",
            "operatingIncome": "-34257000",
            "sellingGeneralAndAdministrative": "73799000",
            "researchAndDevelopment": "120213000",
            "operatingExpenses": "385155000",
            "investmentIncomeNet": "None",
            "netInterestIncome": "20543000",
            "interestIncome": "21988000",
            "interestExpense": "1445000",
            "nonInterestIncome": "None",
            "otherNonOperatingIncome": "None",
            "depreciation": "None",
            "depreciationAndAmortization": "57361000",
            "incomeBeforeTax": "-10843000",
            "incomeTaxExpense": "2005000",
            "interestAndDebtExpense": "None",
            "netIncomeFromContinuingOperations": "-12848000",
            "comprehensiveIncomeNetOfTax": "None",
            "ebit": "-9398000",
            "ebitda": "47963000",
            "netIncome": "-12848000"
        },
        {
            "fiscalDateEnding": "2024-09-30",
            "reportedCurrency": "USD",
            "grossProfit": "334115000",
            "totalRevenue": "430082000",
            "costOfRevenue": "95967000",
            "costofGoodsAndServicesSold": "95967000",
            "operatingIncome": "-30716000",
            "sellingGeneralAndAdministrative": "68777000",
            "researchAndDevelopment": "110911000",
            "operatingExpenses": "364831000",
            "investmentIncomeNet": "None",
            "netInterestIncome": "21038000",
            "interestIncome": "22471000",
            "interestExpense": "1433000",
            "nonInterestIncome": "None",
            "otherNonOperatingIncome": "None",
            "depreciation": "None",
            "depreciationAndAmortization": "50016000",
            "incomeBeforeTax": "-12822000",
            "incomeTaxExpense": "2509000",
            "interestAndDebtExpense": "None",
            "netIncomeFromContinuingOperations": "-15331000",
            "comprehensiveIncomeNetOfTax": "None",
            "ebit": "-11389000",
            "ebitda": "38627000",
            "netIncome": "-15331000"
        },
        {
            "fiscalDateEnding": "2024-06-30",
            "reportedCurrency": "USD",
            "grossProfit": "311985000",
            "totalRevenue": "400996000",
            "costOfRevenue": "89011000",
            "costofGoodsAndServicesSold": "89011000",
            "operatingIncome": "-34536000",
            "sellingGeneralAndAdministrative": "69635000",
            "researchAndDevelopment": "102547000",
            "operatingExpenses": "346521000",
            "investmentIncomeNet": "None",
            "netInterestIncome": "20497000",
            "interestIncome": "21715000",
            "interestExpense": "1218000",
            "nonInterestIncome": "None",
            "otherNonOperatingIncome": "None",
            "depreciation": "None",
            "depreciationAndAmortization": "47184000",
            "incomeBeforeTax": "-13932000",
            "incomeTaxExpense": "1146000",
            "interestAndDebtExpense": "None",
            "netIncomeFromContinuingOperations": "-15078000",
            "comprehensiveIncomeNetOfTax": "None",
            "ebit": "-12714000",
            "ebitda": "34470000",
            "netIncome": "-15078000"
        },
        {
            "fiscalDateEnding": "2024-03-31",
            "reportedCurrency": "USD",
            "grossProfit": "293564000",
            "totalRevenue": "378602000",
            "costOfRevenue": "85038000",
            "costofGoodsAndServicesSold": "85038000",
            "operatingIncome": "-54550000",
            "sellingGeneralAndAdministrative": "66309000",
            "researchAndDevelopment": "87703000",
            "operatingExpenses": "348114000",
            "investmentIncomeNet": "None",
            "netInterestIncome": "20152000",
            "interestIncome": "21252000",
            "interestExpense": "1100000",
            "nonInterestIncome": "None",
            "otherNonOperatingIncome": "None",
            "depreciation": "None",
            "depreciationAndAmortization": "47507000",
            "incomeBeforeTax": "-33274000",
            "incomeTaxExpense": "2269000",
            "interestAndDebtExpense": "None",
            "netIncomeFromContinuingOperations": "-35543000",
            "comprehensiveIncomeNetOfTax": "None",
            "ebit": "-32174000",
            "ebitda": "15333000",
            "netIncome": "-35543000"
        },
        {
            "fiscalDateEnding": "2023-12-31",
            "reportedCurrency": "USD",
            "grossProfit": "278615000",
            "totalRevenue": "362473000",
            "costOfRevenue": "83858000",
            "costofGoodsAndServicesSold": "83858000",
            "operatingIncome": "-42829000",
            "sellingGeneralAndAdministrative": "60404000",
            "researchAndDevelopment": "96401000",
            "operatingExpenses": "321444000",
            "investmentIncomeNet": "None",
            "netInterestIncome": "19121000",
            "interestIncome": "20190000",
            "interestExpense": "1069000",
            "nonInterestIncome": "None",
            "otherNonOperatingIncome": "None",
            "depreciation": "None",
            "depreciationAndAmortization": "50250000",
            "incomeBeforeTax": "-25811000",
            "incomeTaxExpense": "2053999",
            "interestAndDebtExpense": "None",
            "netIncomeFromContinuingOperations": "-27865000",
            "comprehensiveIncomeNetOfTax": "None",
            "ebit": "-24742000",
            "ebitda": "25508000",
            "netIncome": "-27865000"
        },
        {
            "fiscalDateEnding": "2023-09-30",
            "reportedCurrency": "USD",
            "grossProfit": "257534000",
            "totalRevenue": "335603000",
            "costOfRevenue": "78069000",
            "costofGoodsAndServicesSold": "78069000",
            "operatingIncome": "-39212000",
            "sellingGeneralAndAdministrative": "55939000",
            "researchAndDevelopment": "90593000",
            "operatingExpenses": "296746000",
            "investmentIncomeNet": "None",
            "netInterestIncome": "16816000",
            "interestIncome": "17954000",
            "interestExpense": "1138000",
            "nonInterestIncome": "None",
            "otherNonOperatingIncome": "None",
            "depreciation": "None",
            "depreciationAndAmortization": "33900000",
            "incomeBeforeTax": "-22281000",
            "incomeTaxExpense": "1254000",
            "interestAndDebtExpense": "None",
            "netIncomeFromContinuingOperations": "-23535000",
            "comprehensiveIncomeNetOfTax": "None",
            "ebit": "-21143001",
            "ebitda": "12756999",
            "netIncome": "-23535000"
        },
        {
            "fiscalDateEnding": "2023-06-30",
            "reportedCurrency": "USD",
            "grossProfit": "233273000",
            "totalRevenue": "308494000",
            "costOfRevenue": "75221000",
            "costofGoodsAndServicesSold": "75221000",
            "operatingIncome": "-56172000",
            "sellingGeneralAndAdministrative": "53147000",
            "researchAndDevelopment": "89610000",
            "operatingExpenses": "289445000",
            "investmentIncomeNet": "None",
            "netInterestIncome": "14997000",
            "interestIncome": "16536000",
            "interestExpense": "1539000",
            "nonInterestIncome": "None",
            "otherNonOperatingIncome": "-35291000",
            "depreciation": "None",
            "depreciationAndAmortization": "48202000",
            "incomeBeforeTax": "-93002000",
            "incomeTaxExpense": "1465000",
            "interestAndDebtExpense": "None",
            "netIncomeFromContinuingOperations": "-94467000",
            "comprehensiveIncomeNetOfTax": "None",
            "ebit": "-91463000",
            "ebitda": "-43261000",
            "netIncome": "-94467000"
        },
        {
            "fiscalDateEnding": "2023-03-31",
            "reportedCurrency": "USD",
            "grossProfit": "219743000",
            "totalRevenue": "290175000",
            "costOfRevenue": "70432000",
            "costofGoodsAndServicesSold": "70432000",
            "operatingIncome": "-47272000",
            "sellingGeneralAndAdministrative": "48475000",
            "researchAndDevelopment": "81539000",
            "operatingExpenses": "267015000",
            "investmentIncomeNet": "None",
            "netInterestIncome": "11361000",
            "interestIncome": "13487000",
            "interestExpense": "2126000",
            "nonInterestIncome": "None",
            "otherNonOperatingIncome": "12630000",
            "depreciation": "None",
            "depreciationAndAmortization": "44809000",
            "incomeBeforeTax": "-36768000",
            "incomeTaxExpense": "1314000",
            "interestAndDebtExpense": "None",
            "netIncomeFromContinuingOperations": "-38082000",
            "comprehensiveIncomeNetOfTax": "None",
            "ebit": "-34642000",
            "ebitda": "10167000",
            "netIncome": "-38082000"
        },
        {
            "fiscalDateEnding": "2022-12-31",
            "reportedCurrency": "USD",
            "grossProfit": "206912000",
            "totalRevenue": "274700000",
            "costOfRevenue": "67788000",
            "costofGoodsAndServicesSold": "67788000",
            "operatingIncome": "-50691000",
            "sellingGeneralAndAdministrative": "45850000",
            "researchAndDevelopment": "79703000",
            "operatingExpenses": "257603000",
            "investmentIncomeNet": "None",
            "netInterestIncome": "7448000",
            "interestIncome": "8323000",
            "interestExpense": "875000",
            "nonInterestIncome": "None",
            "otherNonOperatingIncome": "6721000",
            "depreciation": "None",
            "depreciationAndAmortization": "41996000",
            "incomeBeforeTax": "-44845000",
            "incomeTaxExpense": "1072000",
            "interestAndDebtExpense": "None",
            "netIncomeFromContinuingOperations": "-45917000",
            "comprehensiveIncomeNetOfTax": "None",
            "ebit": "-43970000",
            "ebitda": "-1974000",
            "netIncome": "-45917000"
        },
        {
            "fiscalDateEnding": "2022-09-30",
            "reportedCurrency": "USD",
            "grossProfit": "191890000",
            "totalRevenue": "253857000",
            "costOfRevenue": "61967000",
            "costofGoodsAndServicesSold": "61967000",
            "operatingIncome": "-45947000",
            "sellingGeneralAndAdministrative": "45372000",
            "researchAndDevelopment": "76432000",
            "operatingExpenses": "237837000",
            "investmentIncomeNet": "None",
            "netInterestIncome": "2340000",
            "interestIncome": "2340000",
            "interestExpense": "1512000",
            "nonInterestIncome": "None",
            "otherNonOperatingIncome": "6285000",
            "depreciation": "None",
            "depreciationAndAmortization": "38601000",
            "incomeBeforeTax": "-41174000",
            "incomeTaxExpense": "1372000",
            "interestAndDebtExpense": "None",
            "netIncomeFromContinuingOperations": "-42546000",
            "comprehensiveIncomeNetOfTax": "None",
            "ebit": "-39662000",
            "ebitda": "-1061000",
            "netIncome": "-42546000"
        },
        {
            "fiscalDateEnding": "2022-06-30",
            "reportedCurrency": "USD",
            "grossProfit": "178713000",
            "totalRevenue": "234517000",
            "costOfRevenue": "55804000",
            "costofGoodsAndServicesSold": "55804000",
            "operatingIncome": "-63233000",
            "sellingGeneralAndAdministrative": "50518000",
            "researchAndDevelopment": "75114000",
            "operatingExpenses": "241946000",
            "investmentIncomeNet": "None",
            "netInterestIncome": "601000",
            "interestIncome": "1641000",
            "interestExpense": "1040000",
            "nonInterestIncome": "None",
            "otherNonOperatingIncome": "1874000",
            "depreciation": "None",
            "depreciationAndAmortization": "35456000",
            "incomeBeforeTax": "-63707000",
            "incomeTaxExpense": "-170000",
            "interestAndDebtExpense": "None",
            "netIncomeFromContinuingOperations": "-63537000",
            "comprehensiveIncomeNetOfTax": "None",
            "ebit": "-62667000",
            "ebitda": "-27211000",
            "netIncome": "-63537000"
        },
        {
            "fiscalDateEnding": "2022-03-31",
            "reportedCurrency": "USD",
            "grossProfit": "165116000",
            "totalRevenue": "212167000",
            "costOfRevenue": "47051000",
            "costofGoodsAndServicesSold": "47051000",
            "operatingIncome": "-37385000",
            "sellingGeneralAndAdministrative": "38029000",
            "researchAndDevelopment": "67054000",
            "operatingExpenses": "202501000",
            "investmentIncomeNet": "None",
            "netInterestIncome": "-496000",
            "interestIncome": "1061000",
            "interestExpense": "1557000",
            "nonInterestIncome": "None",
            "otherNonOperatingIncome": "574000",
            "depreciation": "None",
            "depreciationAndAmortization": "29062000",
            "incomeBeforeTax": "-41007000",
            "incomeTaxExpense": "374000",
            "interestAndDebtExpense": "None",
            "netIncomeFromContinuingOperations": "-41381000",
            "comprehensiveIncomeNetOfTax": "None",
            "ebit": "-39450000",
            "ebitda": "-10388000",
            "netIncome": "-41381000"
        },
        {
            "fiscalDateEnding": "2021-12-31",
            "reportedCurrency": "USD",
            "grossProfit": "151100000",
            "totalRevenue": "193596000",
            "costOfRevenue": "42496000",
            "costofGoodsAndServicesSold": "42496000",
            "operatingIncome": "-40684000",
            "sellingGeneralAndAdministrative": "34183000",
            "researchAndDevelopment": "61762000",
            "operatingExpenses": "191784000",
            "investmentIncomeNet": "None",
            "netInterestIncome": "-15440000",
            "interestIncome": "15440000",
            "interestExpense": "16108000",
            "nonInterestIncome": "None",
            "otherNonOperatingIncome": "242000",
            "depreciation": "None",
            "depreciationAndAmortization": "26479000",
            "incomeBeforeTax": "-56930000",
            "incomeTaxExpense": "20571000",
            "interestAndDebtExpense": "None",
            "netIncomeFromContinuingOperations": "-77501000",
            "comprehensiveIncomeNetOfTax": "None",
            "ebit": "-40822000",
            "ebitda": "-14343000",
            "netIncome": "-77501000"
        },
        {
            "fiscalDateEnding": "2021-09-30",
            "reportedCurrency": "USD",
            "grossProfit": "134822000",
            "totalRevenue": "172347000",
            "costOfRevenue": "37525000",
            "costofGoodsAndServicesSold": "37525000",
            "operatingIncome": "-26494000",
            "sellingGeneralAndAdministrative": "28669000",
            "researchAndDevelopment": "46770000",
            "operatingExpenses": "161316000",
            "investmentIncomeNet": "None",
            "netInterestIncome": "-12063000",
            "interestIncome": "12063000",
            "interestExpense": "12448000",
            "nonInterestIncome": "None",
            "otherNonOperatingIncome": "-71488000",
            "depreciation": "None",
            "depreciationAndAmortization": "24573000",
            "incomeBeforeTax": "-110430000",
            "incomeTaxExpense": "-3095000",
            "interestAndDebtExpense": "None",
            "netIncomeFromContinuingOperations": "-107335000",
            "comprehensiveIncomeNetOfTax": "None",
            "ebit": "-97982000",
            "ebitda": "-73409000",
            "netIncome": "-107335000"
        },
        {
            "fiscalDateEnding": "2021-06-30",
            "reportedCurrency": "USD",
            "grossProfit": "117399000",
            "totalRevenue": "152428000",
            "costOfRevenue": "35029000",
            "costofGoodsAndServicesSold": "35029000",
            "operatingIncome": "-28872000",
            "sellingGeneralAndAdministrative": "28927000",
            "researchAndDevelopment": "41349000",
            "operatingExpenses": "146271000",
            "investmentIncomeNet": "None",
            "netInterestIncome": "-10071000",
            "interestIncome": "10071000",
            "interestExpense": "10444000",
            "nonInterestIncome": "None",
            "otherNonOperatingIncome": "-504000",
            "depreciation": "None",
            "depreciationAndAmortization": "22655000",
            "incomeBeforeTax": "-39820000",
            "incomeTaxExpense": "-4310000",
            "interestAndDebtExpense": "None",
            "netIncomeFromContinuingOperations": "-35510000",
            "comprehensiveIncomeNetOfTax": "None",
            "ebit": "-29376000",
            "ebitda": "-6721000",
            "netIncome": "-35510000"
        },
        {
            "fiscalDateEnding": "2021-03-31",
            "reportedCurrency": "USD",
            "grossProfit": "105971000",
            "totalRevenue": "138055000",
            "costOfRevenue": "32084000",
            "costofGoodsAndServicesSold": "32084000",
            "operatingIncome": "-31254000",
            "sellingGeneralAndAdministrative": "27724000",
            "researchAndDevelopment": "39527000",
            "operatingExpenses": "137225000",
            "investmentIncomeNet": "None",
            "netInterestIncome": "-9690000",
            "interestIncome": "544000",
            "interestExpense": "10234000",
            "nonInterestIncome": "None",
            "otherNonOperatingIncome": "692000",
            "depreciation": "None",
            "depreciationAndAmortization": "20760000",
            "incomeBeforeTax": "-40796000",
            "incomeTaxExpense": "-833000",
            "interestAndDebtExpense": "None",
            "netIncomeFromContinuingOperations": "-39963000",
            "comprehensiveIncomeNetOfTax": "None",
            "ebit": "-30562000",
            "ebitda": "-9802000",
            "netIncome": "-39963000"
        },
        {
            "fiscalDateEnding": "2020-12-31",
            "reportedCurrency": "USD",
            "grossProfit": "96861000",
            "totalRevenue": "125926000",
            "costOfRevenue": "29065000",
            "costofGoodsAndServicesSold": "29065000",
            "operatingIncome": "-24741000",
            "sellingGeneralAndAdministrative": "23293000",
            "researchAndDevelopment": "34757000",
            "operatingExpenses": "121602000",
            "investmentIncomeNet": "None",
            "netInterestIncome": "-9216000",
            "interestIncome": "846000",
            "interestExpense": "10062000",
            "nonInterestIncome": "None",
            "otherNonOperatingIncome": "None",
            "depreciation": "None",
            "depreciationAndAmortization": "19289000",
            "incomeBeforeTax": "-33844000",
            "incomeTaxExpense": "177000",
            "interestAndDebtExpense": "None",
            "netIncomeFromContinuingOperations": "-34021000",
            "comprehensiveIncomeNetOfTax": "None",
            "ebit": "-23782000",
            "ebitda": "-4493000",
            "netIncome": "-34021000"
        },
        {
            "fiscalDateEnding": "2020-09-30",
            "reportedCurrency": "USD",
            "grossProfit": "87157000",
            "totalRevenue": "114162000",
            "costOfRevenue": "27005000",
            "costofGoodsAndServicesSold": "27005000",
            "operatingIncome": "-21252000",
            "sellingGeneralAndAdministrative": "21525000",
            "researchAndDevelopment": "30902000",
            "operatingExpenses": "108409000",
            "investmentIncomeNet": "None",
            "netInterestIncome": "-8512000",
            "interestIncome": "8512000",
            "interestExpense": "9828000",
            "nonInterestIncome": "None",
            "otherNonOperatingIncome": "None",
            "depreciation": "None",
            "depreciationAndAmortization": "17423000",
            "incomeBeforeTax": "-29972000",
            "incomeTaxExpense": "-3504000",
            "interestAndDebtExpense": "None",
            "netIncomeFromContinuingOperations": "-26468000",
            "comprehensiveIncomeNetOfTax": "None",
            "ebit": "-20144000",
            "ebitda": "-2721000",
            "netIncome": "-26468000"
        },
        {
            "fiscalDateEnding": "2020-06-30",
            "reportedCurrency": "USD",
            "grossProfit": "75557000",
            "totalRevenue": "99721000",
            "costOfRevenue": "24164000",
            "costofGoodsAndServicesSold": "24164000",
            "operatingIncome": "-24755000",
            "sellingGeneralAndAdministrative": "20754000",
            "researchAndDevelopment": "28182000",
            "operatingExpenses": "100312000",
            "investmentIncomeNet": "None",
            "netInterestIncome": "-3150000",
            "interestIncome": "3150000",
            "interestExpense": "5007000",
            "nonInterestIncome": "None",
            "otherNonOperatingIncome": "None",
            "depreciation": "None",
            "depreciationAndAmortization": "15463000",
            "incomeBeforeTax": "-28073000",
            "incomeTaxExpense": "-1938000",
            "interestAndDebtExpense": "None",
            "netIncomeFromContinuingOperations": "-26135000",
            "comprehensiveIncomeNetOfTax": "None",
            "ebit": "-23066000",
            "ebitda": "-7603000",
            "netIncome": "-26135000"
        },
        {
            "fiscalDateEnding": "2020-03-31",
            "reportedCurrency": "USD",
            "grossProfit": "70429000",
            "totalRevenue": "91250000",
            "costOfRevenue": "20821000",
            "costofGoodsAndServicesSold": "20821000",
            "operatingIncome": "-29741000",
            "sellingGeneralAndAdministrative": "26181000",
            "researchAndDevelopment": "27578000",
            "operatingExpenses": "100170000",
            "investmentIncomeNet": "None",
            "netInterestIncome": "2502000",
            "interestIncome": "2502000",
            "interestExpense": "67000",
            "nonInterestIncome": "None",
            "otherNonOperatingIncome": "None",
            "depreciation": "None",
            "depreciationAndAmortization": "14099000",
            "incomeBeforeTax": "-33084000",
            "incomeTaxExpense": "-338000",
            "interestAndDebtExpense": "None",
            "netIncomeFromContinuingOperations": "-32746000",
            "comprehensiveIncomeNetOfTax": "None",
            "ebit": "-33017000",
            "ebitda": "-18918000",
            "netIncome": "-32746000"
        },
        {
            "fiscalDateEnding": "2019-12-31",
            "reportedCurrency": "USD",
            "grossProfit": "65732000",
            "totalRevenue": "83930000",
            "costOfRevenue": "18198000",
            "costofGoodsAndServicesSold": "18198000",
            "operatingIncome": "-29942000",
            "sellingGeneralAndAdministrative": "22278000",
            "researchAndDevelopment": "26289000",
            "operatingExpenses": "95674000",
            "investmentIncomeNet": "None",
            "netInterestIncome": "2823000",
            "interestIncome": "2823000",
            "interestExpense": "142000",
            "nonInterestIncome": "None",
            "otherNonOperatingIncome": "None",
            "depreciation": "None",
            "depreciationAndAmortization": "8556000",
            "incomeBeforeTax": "-27531000",
            "incomeTaxExpense": "624000",
            "interestAndDebtExpense": "None",
            "netIncomeFromContinuingOperations": "-28155000",
            "comprehensiveIncomeNetOfTax": "None",
            "ebit": "-27389000",
            "ebitda": "-18833000",
            "netIncome": "-28155000"
        },
        {
            "fiscalDateEnding": "2019-09-30",
            "reportedCurrency": "USD",
            "grossProfit": "57908000",
            "totalRevenue": "73941000",
            "costOfRevenue": "16033000",
            "costofGoodsAndServicesSold": "16033000",
            "operatingIncome": "-41086000",
            "sellingGeneralAndAdministrative": "25593000",
            "researchAndDevelopment": "27863000",
            "operatingExpenses": "98994000",
            "investmentIncomeNet": "None",
            "netInterestIncome": "672000",
            "interestIncome": "672000",
            "interestExpense": "407000",
            "nonInterestIncome": "None",
            "otherNonOperatingIncome": "None",
            "depreciation": "None",
            "depreciationAndAmortization": "7730000",
            "incomeBeforeTax": "-41065000",
            "incomeTaxExpense": "-212000",
            "interestAndDebtExpense": "None",
            "netIncomeFromContinuingOperations": "-40853000",
            "comprehensiveIncomeNetOfTax": "None",
            "ebit": "-40658000",
            "ebitda": "-32928000",
            "netIncome": "-40853000"
        },
        {
            "fiscalDateEnding": "2019-06-30",
            "reportedCurrency": "USD",
            "grossProfit": "52592000",
            "totalRevenue": "67424000",
            "costOfRevenue": "14832000",
            "costofGoodsAndServicesSold": "14832000",
            "operatingIncome": "-19771000",
            "sellingGeneralAndAdministrative": "17659000",
            "researchAndDevelopment": "18868000",
            "operatingExpenses": "72363000",
            "investmentIncomeNet": "None",
            "netInterestIncome": "540000",
            "interestIncome": "540000",
            "interestExpense": "290000",
            "nonInterestIncome": "None",
            "otherNonOperatingIncome": "None",
            "depreciation": "None",
            "depreciationAndAmortization": "7030000",
            "incomeBeforeTax": "-19317000",
            "incomeTaxExpense": "389000",
            "interestAndDebtExpense": "None",
            "netIncomeFromContinuingOperations": "-19706000",
            "comprehensiveIncomeNetOfTax": "None",
            "ebit": "-19027000",
            "ebitda": "-11997000",
            "netIncome": "-19706000"
        },
        {
            "fiscalDateEnding": "2019-03-31",
            "reportedCurrency": "USD",
            "grossProfit": "47367000",
            "totalRevenue": "61727000",
            "costOfRevenue": "14360000",
            "costofGoodsAndServicesSold": "14360000",
            "operatingIncome": "-17147000",
            "sellingGeneralAndAdministrative": "16048000",
            "researchAndDevelopment": "17649000",
            "operatingExpenses": "64513999",
            "investmentIncomeNet": "None",
            "netInterestIncome": "640000",
            "interestIncome": "640000",
            "interestExpense": "273000",
            "nonInterestIncome": "None",
            "otherNonOperatingIncome": "None",
            "depreciation": "None",
            "depreciationAndAmortization": "6130000",
            "incomeBeforeTax": "-16800000",
            "incomeTaxExpense": "314000",
            "interestAndDebtExpense": "None",
            "netIncomeFromContinuingOperations": "-17114000",
            "comprehensiveIncomeNetOfTax": "None",
            "ebit": "-16527000",
            "ebitda": "-10397000",
            "netIncome": "-17114000"
        },
        {
            "fiscalDateEnding": "2018-12-31",
            "reportedCurrency": "USD",
            "grossProfit": "42543000",
            "totalRevenue": "55499000",
            "costOfRevenue": "12956000",
            "costofGoodsAndServicesSold": "12956000",
            "operatingIncome": "-17093000",
            "sellingGeneralAndAdministrative": "16098000",
            "researchAndDevelopment": "15350000",
            "operatingExpenses": "59636000",
            "investmentIncomeNet": "None",
            "netInterestIncome": "None",
            "interestIncome": "None",
            "interestExpense": "266000",
            "nonInterestIncome": "None",
            "otherNonOperatingIncome": "None",
            "depreciation": "None",
            "depreciationAndAmortization": "5508000",
            "incomeBeforeTax": "-16498999",
            "incomeTaxExpense": "188000",
            "interestAndDebtExpense": "None",
            "netIncomeFromContinuingOperations": "None",
            "comprehensiveIncomeNetOfTax": "None",
            "ebit": "-15933000",
            "ebitda": "-10425000",
            "netIncome": "-16687000"
        },
        {
            "fiscalDateEnding": "2018-09-30",
            "reportedCurrency": "USD",
            "grossProfit": "38861000",
            "totalRevenue": "50070000",
            "costOfRevenue": "11209000",
            "costofGoodsAndServicesSold": "11209000",
            "operatingIncome": "-36468000",
            "sellingGeneralAndAdministrative": "36040000",
            "researchAndDevelopment": "14827000",
            "operatingExpenses": "75329000",
            "investmentIncomeNet": "None",
            "netInterestIncome": "None",
            "interestIncome": "None",
            "interestExpense": "251000",
            "nonInterestIncome": "None",
            "otherNonOperatingIncome": "None",
            "depreciation": "None",
            "depreciationAndAmortization": "5200000",
            "incomeBeforeTax": "-37572000",
            "incomeTaxExpense": "417000",
            "interestAndDebtExpense": "None",
            "netIncomeFromContinuingOperations": "None",
            "comprehensiveIncomeNetOfTax": "None",
            "ebit": "-37321000",
            "ebitda": "-32121000",
            "netIncome": "-37989000"
        },
        {
            "fiscalDateEnding": "2018-06-30",
            "reportedCurrency": "None",
            "grossProfit": "34916000",
            "totalRevenue": "45281000",
            "costOfRevenue": "10365000",
            "costofGoodsAndServicesSold": "10365000",
            "operatingIncome": "-20485000",
            "sellingGeneralAndAdministrative": "19529000",
            "researchAndDevelopment": "13023000",
            "operatingExpenses": "55401000",
            "investmentIncomeNet": "None",
            "netInterestIncome": "None",
            "interestIncome": "None",
            "interestExpense": "243000",
            "nonInterestIncome": "None",
            "otherNonOperatingIncome": "None",
            "depreciation": "None",
            "depreciationAndAmortization": "4300000",
            "incomeBeforeTax": "-20719000",
            "incomeTaxExpense": "301000",
            "interestAndDebtExpense": "None",
            "netIncomeFromContinuingOperations": "None",
            "comprehensiveIncomeNetOfTax": "None",
            "ebit": "-20476000",
            "ebitda": "-16176000",
            "netIncome": "-21020000"
        },
        {
            "fiscalDateEnding": "2018-03-31",
            "reportedCurrency": "None",
            "grossProfit": "32817000",
            "totalRevenue": "41824000",
            "costOfRevenue": "9007000",
            "costofGoodsAndServicesSold": "9007000",
            "operatingIncome": "-10853000",
            "sellingGeneralAndAdministrative": "13512000",
            "researchAndDevelopment": "11263000",
            "operatingExpenses": "43670000",
            "investmentIncomeNet": "None",
            "netInterestIncome": "None",
            "interestIncome": "None",
            "interestExpense": "232000",
            "nonInterestIncome": "None",
            "otherNonOperatingIncome": "None",
            "depreciation": "None",
            "depreciationAndAmortization": "3900000",
            "incomeBeforeTax": "-11297000",
            "incomeTaxExpense": "171000",
            "interestAndDebtExpense": "None",
            "netIncomeFromContinuingOperations": "None",
            "comprehensiveIncomeNetOfTax": "None",
            "ebit": "-11065000",
            "ebitda": "-7165000",
            "netIncome": "-11468000"
        }
    ]
}