{
    "symbol": "TSM",
    "annualReports": [
        {
            "fiscalDateEnding": "2025-12-31",
            "reportedCurrency": "USD",
            "grossProfit": "2304925301000",
            "totalRevenue": "3848510949000",
            "costOfRevenue": "1543585648000",
            "costofGoodsAndServicesSold": "1543585648000",
            "operatingIncome": "1955695817000",
            "sellingGeneralAndAdministrative": "87220355000",
            "researchAndDevelopment": "248979670000",
            "operatingExpenses": "349229483000",
            "investmentIncomeNet": "None",
            "netInterestIncome": "None",
            "interestIncome": "98865000000",
            "interestExpense": "None",
            "nonInterestIncome": "None",
            "otherNonOperatingIncome": "None",
            "depreciation": "None",
            "depreciationAndAmortization": "695223798000",
            "incomeBeforeTax": "2062812029000",
            "incomeTaxExpense": "329645700000",
            "interestAndDebtExpense": "None",
            "netIncomeFromContinuingOperations": "None",
            "comprehensiveIncomeNetOfTax": "None",
            "ebit": "2057258087000",
            "ebitda": "2752481885000",
            "netIncome": "1735678080000"
        },
        {
            "fiscalDateEnding": "2024-12-31",
            "reportedCurrency": "TWD",
            "grossProfit": "1624354000000",
            "totalRevenue": "2894308000000",
            "costOfRevenue": "1269954000000",
            "costofGoodsAndServicesSold": "1269954000000",
            "operatingIncome": "1322053000000",
            "sellingGeneralAndAdministrative": "83745000000",
            "researchAndDevelopment": "204182000000",
            "operatingExpenses": "302301000000",
            "investmentIncomeNet": "None",
            "netInterestIncome": "76718000000",
            "interestIncome": "87213400000",
            "interestExpense": "10495400000",
            "nonInterestIncome": "None",
            "otherNonOperatingIncome": "None",
            "depreciation": "None",
            "depreciationAndAmortization": "662796000000",
            "incomeBeforeTax": "1405839000000",
            "incomeTaxExpense": "248316100000",
            "interestAndDebtExpense": "None",
            "netIncomeFromContinuingOperations": "1172432000000",
            "comprehensiveIncomeNetOfTax": "None",
            "ebit": "1322053000000",
            "ebitda": "1984849000000",
            "netIncome": "1158380200000"
        },
        {
            "fiscalDateEnding": "2023-12-31",
            "reportedCurrency": "TWD",
            "grossProfit": "1175111000000",
            "totalRevenue": "2161736000000",
            "costOfRevenue": "986625000000",
            "costofGoodsAndServicesSold": "986625000000",
            "operatingIncome": "921466000000",
            "sellingGeneralAndAdministrative": "60872800000",
            "researchAndDevelopment": "182370000000",
            "operatingExpenses": "253645000000",
            "investmentIncomeNet": "None",
            "netInterestIncome": "48294500000",
            "interestIncome": "60293900000",
            "interestExpense": "11999400000",
            "nonInterestIncome": "None",
            "otherNonOperatingIncome": "None",
            "depreciation": "None",
            "depreciationAndAmortization": "532190900000",
            "incomeBeforeTax": "979171000000",
            "incomeTaxExpense": "128288800000",
            "interestAndDebtExpense": "None",
            "netIncomeFromContinuingOperations": "851027700000",
            "comprehensiveIncomeNetOfTax": "None",
            "ebit": "991315900000",
            "ebitda": "1523506800000",
            "netIncome": "851740000000"
        },
        {
            "fiscalDateEnding": "2022-12-31",
            "reportedCurrency": "TWD",
            "grossProfit": "1348354800000",
            "totalRevenue": "2263891300000",
            "costOfRevenue": "915536500000",
            "costofGoodsAndServicesSold": "915536500000",
            "operatingIncome": "1121278900000",
            "sellingGeneralAndAdministrative": "53524800000",
            "researchAndDevelopment": "163262200000",
            "operatingExpenses": "227075900000",
            "investmentIncomeNet": "None",
            "netInterestIncome": "10672225000",
            "interestIncome": "22422209000",
            "interestExpense": "11750000000",
            "nonInterestIncome": "None",
            "otherNonOperatingIncome": "None",
            "depreciation": "None",
            "depreciationAndAmortization": "437254300000",
            "incomeBeforeTax": "1144072200000",
            "incomeTaxExpense": "150777500000",
            "interestAndDebtExpense": "None",
            "netIncomeFromContinuingOperations": "1016922033000",
            "comprehensiveIncomeNetOfTax": "None",
            "ebit": "1155822200000",
            "ebitda": "1593076500000",
            "netIncome": "992923400000"
        },
        {
            "fiscalDateEnding": "2021-12-31",
            "reportedCurrency": "TWD",
            "grossProfit": "819537300000",
            "totalRevenue": "1587415000000",
            "costOfRevenue": "767877700000",
            "costofGoodsAndServicesSold": "767877700000",
            "operatingIncome": "649980900000",
            "sellingGeneralAndAdministrative": "36929600000",
            "researchAndDevelopment": "124734800000",
            "operatingExpenses": "169556400000",
            "investmentIncomeNet": "None",
            "netInterestIncome": "294000000",
            "interestIncome": "5897000000",
            "interestExpense": "5414200000",
            "nonInterestIncome": "None",
            "otherNonOperatingIncome": "None",
            "depreciation": "None",
            "depreciationAndAmortization": "422394900000",
            "incomeBeforeTax": "663036000000",
            "incomeTaxExpense": "70155400000",
            "interestAndDebtExpense": "None",
            "netIncomeFromContinuingOperations": "597073134000",
            "comprehensiveIncomeNetOfTax": "None",
            "ebit": "668450200000",
            "ebitda": "1090845100000",
            "netIncome": "592359200000"
        },
        {
            "fiscalDateEnding": "2020-12-31",
            "reportedCurrency": "TWD",
            "grossProfit": "711130100000",
            "totalRevenue": "1339254800000",
            "costOfRevenue": "628124700000",
            "costofGoodsAndServicesSold": "628124700000",
            "operatingIncome": "566783700000",
            "sellingGeneralAndAdministrative": "28457600000",
            "researchAndDevelopment": "109486000000",
            "operatingExpenses": "144346400000",
            "investmentIncomeNet": "None",
            "netInterestIncome": "6936945000",
            "interestIncome": "10530000000",
            "interestExpense": "2081500000",
            "nonInterestIncome": "None",
            "otherNonOperatingIncome": "None",
            "depreciation": "None",
            "depreciationAndAmortization": "331724600000",
            "incomeBeforeTax": "584746300000",
            "incomeTaxExpense": "73738300000",
            "interestAndDebtExpense": "None",
            "netIncomeFromContinuingOperations": "518158082000",
            "comprehensiveIncomeNetOfTax": "None",
            "ebit": "586827800000",
            "ebitda": "918552400000",
            "netIncome": "510744000000"
        },
        {
            "fiscalDateEnding": "2019-12-31",
            "reportedCurrency": "TWD",
            "grossProfit": "492701900000",
            "totalRevenue": "1069985400000",
            "costOfRevenue": "577283500000",
            "costofGoodsAndServicesSold": "577283500000",
            "operatingIncome": "372701100000",
            "sellingGeneralAndAdministrative": "21737200000",
            "researchAndDevelopment": "91418700000",
            "operatingExpenses": "120000800000",
            "investmentIncomeNet": "None",
            "netInterestIncome": "12938500000",
            "interestIncome": "16485488000",
            "interestExpense": "3250900000",
            "nonInterestIncome": "None",
            "otherNonOperatingIncome": "0",
            "depreciation": "None",
            "depreciationAndAmortization": "286884200000",
            "incomeBeforeTax": "389862100000",
            "incomeTaxExpense": "35835100000",
            "interestAndDebtExpense": "None",
            "netIncomeFromContinuingOperations": "354027000000",
            "comprehensiveIncomeNetOfTax": "None",
            "ebit": "393113000000",
            "ebitda": "679997200000",
            "netIncome": "353948000000"
        },
        {
            "fiscalDateEnding": "2018-12-31",
            "reportedCurrency": "TWD",
            "grossProfit": "497874300000",
            "totalRevenue": "1031361800000",
            "costOfRevenue": "533487500000",
            "costofGoodsAndServicesSold": "533487500000",
            "operatingIncome": "383623500000",
            "sellingGeneralAndAdministrative": "20265900000",
            "researchAndDevelopment": "85895600000",
            "operatingExpenses": "114250800000",
            "investmentIncomeNet": "None",
            "netInterestIncome": "11643300000",
            "interestIncome": "14012124000",
            "interestExpense": "3051200000",
            "nonInterestIncome": "None",
            "otherNonOperatingIncome": "0",
            "depreciation": "None",
            "depreciationAndAmortization": "292546300000",
            "incomeBeforeTax": "397543100000",
            "incomeTaxExpense": "34436900000",
            "interestAndDebtExpense": "None",
            "netIncomeFromContinuingOperations": "363106200000",
            "comprehensiveIncomeNetOfTax": "None",
            "ebit": "400594300000",
            "ebitda": "693140600000",
            "netIncome": "363052700000"
        },
        {
            "fiscalDateEnding": "2017-12-31",
            "reportedCurrency": "TWD",
            "grossProfit": "494826400000",
            "totalRevenue": "977442600000",
            "costOfRevenue": "482616200000",
            "costofGoodsAndServicesSold": "482616200000",
            "operatingIncome": "385559200000",
            "sellingGeneralAndAdministrative": "21196700000",
            "researchAndDevelopment": "80732500000",
            "operatingExpenses": "109267200000",
            "investmentIncomeNet": "None",
            "netInterestIncome": "6134400000",
            "interestIncome": "10200639000",
            "interestExpense": "3330300000",
            "nonInterestIncome": "None",
            "otherNonOperatingIncome": "0",
            "depreciation": "None",
            "depreciationAndAmortization": "260142700000",
            "incomeBeforeTax": "396161900000",
            "incomeTaxExpense": "51122900000",
            "interestAndDebtExpense": "None",
            "netIncomeFromContinuingOperations": "345039000000",
            "comprehensiveIncomeNetOfTax": "None",
            "ebit": "399492200000",
            "ebitda": "659634900000",
            "netIncome": "344998300000"
        },
        {
            "fiscalDateEnding": "2016-12-31",
            "reportedCurrency": "TWD",
            "grossProfit": "474832100000",
            "totalRevenue": "947909200000",
            "costOfRevenue": "473077100000",
            "costofGoodsAndServicesSold": "473077100000",
            "operatingIncome": "377957800000",
            "sellingGeneralAndAdministrative": "19795600000",
            "researchAndDevelopment": "71207700000",
            "operatingExpenses": "96874300000",
            "investmentIncomeNet": "None",
            "netInterestIncome": "3011400000",
            "interestIncome": "8025592000",
            "interestExpense": "3306100000",
            "nonInterestIncome": "None",
            "otherNonOperatingIncome": "0",
            "depreciation": "None",
            "depreciationAndAmortization": "223828400000",
            "incomeBeforeTax": "385921700000",
            "incomeTaxExpense": "54124400000",
            "interestAndDebtExpense": "None",
            "netIncomeFromContinuingOperations": "331797300000",
            "comprehensiveIncomeNetOfTax": "None",
            "ebit": "389227800000",
            "ebitda": "613056200000",
            "netIncome": "331713700000"
        },
        {
            "fiscalDateEnding": "2015-12-31",
            "reportedCurrency": "TWD",
            "grossProfit": "410394900000",
            "totalRevenue": "843512500000",
            "costOfRevenue": "433117600000",
            "costofGoodsAndServicesSold": "433117600000",
            "operatingIncome": "320047800000",
            "sellingGeneralAndAdministrative": "17257200000",
            "researchAndDevelopment": "65544600000",
            "operatingExpenses": "90347100000",
            "investmentIncomeNet": "None",
            "netInterestIncome": "None",
            "interestIncome": "30630724000",
            "interestExpense": "3190300000",
            "nonInterestIncome": "None",
            "otherNonOperatingIncome": "0",
            "depreciation": "None",
            "depreciationAndAmortization": "222505600000",
            "incomeBeforeTax": "350477600000",
            "incomeTaxExpense": "47644700000",
            "interestAndDebtExpense": "None",
            "netIncomeFromContinuingOperations": "241.65",
            "comprehensiveIncomeNetOfTax": "None",
            "ebit": "353667900000",
            "ebitda": "576173500000",
            "netIncome": "302850900000"
        },
        {
            "fiscalDateEnding": "2014-12-31",
            "reportedCurrency": "TWD",
            "grossProfit": "377722000000",
            "totalRevenue": "762835000000",
            "costOfRevenue": "385113000000",
            "costofGoodsAndServicesSold": "385113000000",
            "operatingIncome": "295870300000",
            "sellingGeneralAndAdministrative": "18933400000",
            "researchAndDevelopment": "56828800000",
            "operatingExpenses": "81851700000",
            "investmentIncomeNet": "None",
            "netInterestIncome": "None",
            "interestIncome": "None",
            "interestExpense": "3236300000",
            "nonInterestIncome": "None",
            "otherNonOperatingIncome": "None",
            "depreciation": "None",
            "depreciationAndAmortization": "200251500000",
            "incomeBeforeTax": "302073500000",
            "incomeTaxExpense": "47889900000",
            "interestAndDebtExpense": "None",
            "netIncomeFromContinuingOperations": "254183600000",
            "comprehensiveIncomeNetOfTax": "None",
            "ebit": "305309800000",
            "ebitda": "505561300000",
            "netIncome": "254301400000"
        },
        {
            "fiscalDateEnding": "2013-12-31",
            "reportedCurrency": "TWD",
            "grossProfit": "281360800000",
            "totalRevenue": "597003300000",
            "costOfRevenue": "315642500000",
            "costofGoodsAndServicesSold": "315642500000",
            "operatingIncome": "210068900000",
            "sellingGeneralAndAdministrative": "18881800000",
            "researchAndDevelopment": "47952000000",
            "operatingExpenses": "71291900000",
            "investmentIncomeNet": "None",
            "netInterestIncome": "None",
            "interestIncome": "None",
            "interestExpense": "2646800000",
            "nonInterestIncome": "None",
            "otherNonOperatingIncome": "None",
            "depreciation": "None",
            "depreciationAndAmortization": "156181800000",
            "incomeBeforeTax": "215961500000",
            "incomeTaxExpense": "32111800000",
            "interestAndDebtExpense": "None",
            "netIncomeFromContinuingOperations": "183849700000",
            "comprehensiveIncomeNetOfTax": "None",
            "ebit": "218608300000",
            "ebitda": "374790100000",
            "netIncome": "183977600000"
        },
        {
            "fiscalDateEnding": "2012-12-31",
            "reportedCurrency": "TWD",
            "grossProfit": "244127800000",
            "totalRevenue": "506720300000",
            "costOfRevenue": "262592500000",
            "costofGoodsAndServicesSold": "262592500000",
            "operatingIncome": "181162100000",
            "sellingGeneralAndAdministrative": "17633000000",
            "researchAndDevelopment": "40387100000",
            "operatingExpenses": "62965700000",
            "investmentIncomeNet": "None",
            "netInterestIncome": "None",
            "interestIncome": "None",
            "interestExpense": "1020200000",
            "nonInterestIncome": "None",
            "otherNonOperatingIncome": "None",
            "depreciation": "None",
            "depreciationAndAmortization": "131349300000",
            "incomeBeforeTax": "181661100000",
            "incomeTaxExpense": "22374700000",
            "interestAndDebtExpense": "None",
            "netIncomeFromContinuingOperations": "None",
            "comprehensiveIncomeNetOfTax": "None",
            "ebit": "182681300000",
            "ebitda": "314030600000",
            "netIncome": "159480800000"
        },
        {
            "fiscalDateEnding": "2011-12-31",
            "reportedCurrency": "TWD",
            "grossProfit": "194069200000",
            "totalRevenue": "427006600000",
            "costOfRevenue": "232937400000",
            "costofGoodsAndServicesSold": "232937400000",
            "operatingIncome": "141557400000",
            "sellingGeneralAndAdministrative": "14164100000",
            "researchAndDevelopment": "33829900000",
            "operatingExpenses": "52511800000",
            "investmentIncomeNet": "None",
            "netInterestIncome": "None",
            "interestIncome": "None",
            "interestExpense": "626700000",
            "nonInterestIncome": "None",
            "otherNonOperatingIncome": "None",
            "depreciation": "None",
            "depreciationAndAmortization": "107681500000",
            "incomeBeforeTax": "145147700000",
            "incomeTaxExpense": "10694400000",
            "interestAndDebtExpense": "None",
            "netIncomeFromContinuingOperations": "None",
            "comprehensiveIncomeNetOfTax": "None",
            "ebit": "145774400000",
            "ebitda": "253455900000",
            "netIncome": "134201300000"
        },
        {
            "fiscalDateEnding": "2010-12-31",
            "reportedCurrency": "TWD",
            "grossProfit": "207053600000",
            "totalRevenue": "419537900000",
            "costOfRevenue": "212484300000",
            "costofGoodsAndServicesSold": "212484300000",
            "operatingIncome": "159175300000",
            "sellingGeneralAndAdministrative": "12804000000",
            "researchAndDevelopment": "29706700000",
            "operatingExpenses": "47878300000",
            "investmentIncomeNet": "None",
            "netInterestIncome": "None",
            "interestIncome": "None",
            "interestExpense": "425400000",
            "nonInterestIncome": "None",
            "otherNonOperatingIncome": "None",
            "depreciation": "None",
            "depreciationAndAmortization": "87810100000",
            "incomeBeforeTax": "170270400000",
            "incomeTaxExpense": "7988500000",
            "interestAndDebtExpense": "None",
            "netIncomeFromContinuingOperations": "None",
            "comprehensiveIncomeNetOfTax": "None",
            "ebit": "170695800000",
            "ebitda": "258505900000",
            "netIncome": "161605000000"
        },
        {
            "fiscalDateEnding": "2009-12-31",
            "reportedCurrency": "TWD",
            "grossProfit": "129328600000",
            "totalRevenue": "295742200000",
            "costOfRevenue": "166413600000",
            "costofGoodsAndServicesSold": "166413600000",
            "operatingIncome": "91961900000",
            "sellingGeneralAndAdministrative": "11285500000",
            "researchAndDevelopment": "21593400000",
            "operatingExpenses": "37366700000",
            "investmentIncomeNet": "None",
            "netInterestIncome": "None",
            "interestIncome": "None",
            "interestExpense": "391500000",
            "nonInterestIncome": "None",
            "otherNonOperatingIncome": "None",
            "depreciation": "None",
            "depreciationAndAmortization": "80814700000",
            "incomeBeforeTax": "95462600000",
            "incomeTaxExpense": "5996400000",
            "interestAndDebtExpense": "None",
            "netIncomeFromContinuingOperations": "None",
            "comprehensiveIncomeNetOfTax": "None",
            "ebit": "95854100000",
            "ebitda": "176668800000",
            "netIncome": "89217800000"
        },
        {
            "fiscalDateEnding": "2008-12-31",
            "reportedCurrency": "TWD",
            "grossProfit": "141749600000",
            "totalRevenue": "333157700000",
            "costOfRevenue": "191408100000",
            "costofGoodsAndServicesSold": "191408100000",
            "operatingIncome": "104435400000",
            "sellingGeneralAndAdministrative": "11096600000",
            "researchAndDevelopment": "21480900000",
            "operatingExpenses": "37314200000",
            "investmentIncomeNet": "None",
            "netInterestIncome": "None",
            "interestIncome": "None",
            "interestExpense": "615000000",
            "nonInterestIncome": "None",
            "otherNonOperatingIncome": "None",
            "depreciation": "None",
            "depreciationAndAmortization": "81512200000",
            "incomeBeforeTax": "111472200000",
            "incomeTaxExpense": "10949000000",
            "interestAndDebtExpense": "None",
            "netIncomeFromContinuingOperations": "None",
            "comprehensiveIncomeNetOfTax": "None",
            "ebit": "112087200000",
            "ebitda": "193599400000",
            "netIncome": "99933200000"
        },
        {
            "fiscalDateEnding": "2007-12-31",
            "reportedCurrency": "TWD",
            "grossProfit": "142375295000",
            "totalRevenue": "322663282000",
            "costOfRevenue": "180287987000",
            "costofGoodsAndServicesSold": "180287987000",
            "operatingIncome": "111727310000",
            "sellingGeneralAndAdministrative": "2700000",
            "researchAndDevelopment": "17934747000",
            "operatingExpenses": "30647985000",
            "investmentIncomeNet": "None",
            "netInterestIncome": "None",
            "interestIncome": "None",
            "interestExpense": "11769474817",
            "nonInterestIncome": "None",
            "otherNonOperatingIncome": "None",
            "depreciation": "None",
            "depreciationAndAmortization": "79879351000",
            "incomeBeforeTax": "121651419000",
            "incomeTaxExpense": "11707855000",
            "interestAndDebtExpense": "None",
            "netIncomeFromContinuingOperations": "None",
            "comprehensiveIncomeNetOfTax": "None",
            "ebit": "111759742000",
            "ebitda": "191639093000",
            "netIncome": "109197635000"
        },
        {
            "fiscalDateEnding": "2006-12-31",
            "reportedCurrency": "TWD",
            "grossProfit": "155756157000",
            "totalRevenue": "317345023000",
            "costOfRevenue": "161588866000",
            "costofGoodsAndServicesSold": "161588866000",
            "operatingIncome": "127244308000",
            "sellingGeneralAndAdministrative": "3400000",
            "researchAndDevelopment": "16064390000",
            "operatingExpenses": "28511849000",
            "investmentIncomeNet": "None",
            "netInterestIncome": "None",
            "interestIncome": "None",
            "interestExpense": "7615107489",
            "nonInterestIncome": "None",
            "otherNonOperatingIncome": "None",
            "depreciation": "None",
            "depreciationAndAmortization": "73707202000",
            "incomeBeforeTax": "133337697000",
            "incomeTaxExpense": "7787808000",
            "interestAndDebtExpense": "None",
            "netIncomeFromContinuingOperations": "None",
            "comprehensiveIncomeNetOfTax": "None",
            "ebit": "127211723000",
            "ebitda": "200918925000",
            "netIncome": "126983628000"
        }
    ],
    "quarterlyReports": [
        {
            "fiscalDateEnding": "2025-12-31",
            "reportedCurrency": "USD",
            "grossProfit": "658148926000",
            "totalRevenue": "1055976591000",
            "costOfRevenue": "397827665000",
            "costofGoodsAndServicesSold": "397827665000",
            "operatingIncome": "569125442000",
            "sellingGeneralAndAdministrative": "23333000000",
            "researchAndDevelopment": "65469963000",
            "operatingExpenses": "89023483000",
            "investmentIncomeNet": "None",
            "netInterestIncome": "None",
            "interestIncome": "27946000000",
            "interestExpense": "None",
            "nonInterestIncome": "None",
            "otherNonOperatingIncome": "None",
            "depreciation": "None",
            "depreciationAndAmortization": "163644120000",
            "incomeBeforeTax": "597961420000",
            "incomeTaxExpense": "87768736000",
            "interestAndDebtExpense": "None",
            "netIncomeFromContinuingOperations": "None",
            "comprehensiveIncomeNetOfTax": "None",
            "ebit": "596464403000",
            "ebitda": "760108523000",
            "netIncome": "510523784000"
        },
        {
            "fiscalDateEnding": "2025-09-30",
            "reportedCurrency": "TWD",
            "grossProfit": "588543000000",
            "totalRevenue": "989918000000",
            "costOfRevenue": "401375000000",
            "costofGoodsAndServicesSold": "401375000000",
            "operatingIncome": "500685000000",
            "sellingGeneralAndAdministrative": "20048234000",
            "researchAndDevelopment": "63743000000",
            "operatingExpenses": "87858000000",
            "investmentIncomeNet": "None",
            "netInterestIncome": "23221777000",
            "interestIncome": "26180345000",
            "interestExpense": "98843000",
            "nonInterestIncome": "None",
            "otherNonOperatingIncome": "None",
            "depreciation": "None",
            "depreciationAndAmortization": "162787000000",
            "incomeBeforeTax": "525369000000",
            "incomeTaxExpense": "73614000000",
            "interestAndDebtExpense": "None",
            "netIncomeFromContinuingOperations": "525369000000",
            "comprehensiveIncomeNetOfTax": "None",
            "ebit": "525369000000",
            "ebitda": "688156000000",
            "netIncome": "452302000000"
        },
        {
            "fiscalDateEnding": "2025-06-30",
            "reportedCurrency": "TWD",
            "grossProfit": "547369000000",
            "totalRevenue": "933792000000",
            "costOfRevenue": "386423000000",
            "costofGoodsAndServicesSold": "386423000000",
            "operatingIncome": "463423000000",
            "sellingGeneralAndAdministrative": "18955373000",
            "researchAndDevelopment": "61280000000",
            "operatingExpenses": "83946000000",
            "investmentIncomeNet": "None",
            "netInterestIncome": "21500903000",
            "interestIncome": "22723000000",
            "interestExpense": "3691095000",
            "nonInterestIncome": "None",
            "otherNonOperatingIncome": "None",
            "depreciation": "None",
            "depreciationAndAmortization": "363197000000",
            "incomeBeforeTax": "493036000000",
            "incomeTaxExpense": "95543000000",
            "interestAndDebtExpense": "None",
            "netIncomeFromContinuingOperations": "398273000000",
            "comprehensiveIncomeNetOfTax": "None",
            "ebit": "493036000000",
            "ebitda": "856233000000",
            "netIncome": "398273000000"
        },
        {
            "fiscalDateEnding": "2025-03-31",
            "reportedCurrency": "TWD",
            "grossProfit": "493395000000",
            "totalRevenue": "839254000000",
            "costOfRevenue": "345859000000",
            "costofGoodsAndServicesSold": "345859000000",
            "operatingIncome": "407081000000",
            "sellingGeneralAndAdministrative": "24883748000",
            "researchAndDevelopment": "56547493000",
            "operatingExpenses": "86314268000",
            "investmentIncomeNet": "None",
            "netInterestIncome": "22182038000",
            "interestIncome": "24859312000",
            "interestExpense": "2677274000",
            "nonInterestIncome": "None",
            "otherNonOperatingIncome": "None",
            "depreciation": "None",
            "depreciationAndAmortization": "163411731000",
            "incomeBeforeTax": "430895000000",
            "incomeTaxExpense": "70162751000",
            "interestAndDebtExpense": "None",
            "netIncomeFromContinuingOperations": "360732661000",
            "comprehensiveIncomeNetOfTax": "None",
            "ebit": "428217726000",
            "ebitda": "591629457000",
            "netIncome": "361564128000"
        },
        {
            "fiscalDateEnding": "2024-12-31",
            "reportedCurrency": "TWD",
            "grossProfit": "512379000000",
            "totalRevenue": "868461000000",
            "costOfRevenue": "356082000000",
            "costofGoodsAndServicesSold": "356082000000",
            "operatingIncome": "425713000000",
            "sellingGeneralAndAdministrative": "25427009000",
            "researchAndDevelopment": "57232000000",
            "operatingExpenses": "86666000000",
            "investmentIncomeNet": "None",
            "netInterestIncome": "21750000000",
            "interestIncome": "24273341000",
            "interestExpense": "2523215000",
            "nonInterestIncome": "None",
            "otherNonOperatingIncome": "None",
            "depreciation": "None",
            "depreciationAndAmortization": "170378000000",
            "incomeBeforeTax": "448798000000",
            "incomeTaxExpense": "74329000000",
            "interestAndDebtExpense": "None",
            "netIncomeFromContinuingOperations": "374469000000",
            "comprehensiveIncomeNetOfTax": "None",
            "ebit": "425713000000",
            "ebitda": "596091000000",
            "netIncome": "374680000000"
        },
        {
            "fiscalDateEnding": "2024-09-30",
            "reportedCurrency": "TWD",
            "grossProfit": "439345666000",
            "totalRevenue": "759692143000",
            "costOfRevenue": "320346477000",
            "costofGoodsAndServicesSold": "320346477000",
            "operatingIncome": "360766289000",
            "sellingGeneralAndAdministrative": "22890591000",
            "researchAndDevelopment": "52783826000",
            "operatingExpenses": "78579377000",
            "investmentIncomeNet": "None",
            "netInterestIncome": "19965864000",
            "interestIncome": "22601654000",
            "interestExpense": "2635790000",
            "nonInterestIncome": "None",
            "otherNonOperatingIncome": "None",
            "depreciation": "None",
            "depreciationAndAmortization": "168228557000",
            "incomeBeforeTax": "384186852000",
            "incomeTaxExpense": "59106682000",
            "interestAndDebtExpense": "None",
            "netIncomeFromContinuingOperations": "384187000000",
            "comprehensiveIncomeNetOfTax": "None",
            "ebit": "386822642000",
            "ebitda": "555051199000",
            "netIncome": "325257571000"
        },
        {
            "fiscalDateEnding": "2024-06-30",
            "reportedCurrency": "TWD",
            "grossProfit": "358124478000",
            "totalRevenue": "673510177000",
            "costOfRevenue": "315385699000",
            "costofGoodsAndServicesSold": "315385699000",
            "operatingIncome": "286555542000",
            "sellingGeneralAndAdministrative": "19290282000",
            "researchAndDevelopment": "48057704000",
            "operatingExpenses": "71568936000",
            "investmentIncomeNet": "None",
            "netInterestIncome": "18341093000",
            "interestIncome": "20979233000",
            "interestExpense": "2638140000",
            "nonInterestIncome": "None",
            "otherNonOperatingIncome": "None",
            "depreciation": "None",
            "depreciationAndAmortization": "165166594000",
            "incomeBeforeTax": "306310575000",
            "incomeTaxExpense": "58649137000",
            "interestAndDebtExpense": "None",
            "netIncomeFromContinuingOperations": "247845000000",
            "comprehensiveIncomeNetOfTax": "None",
            "ebit": "308948715000",
            "ebitda": "474115309000",
            "netIncome": "247845528000"
        },
        {
            "fiscalDateEnding": "2024-03-31",
            "reportedCurrency": "TWD",
            "grossProfit": "314505269000",
            "totalRevenue": "592644201000",
            "costOfRevenue": "278138932000",
            "costofGoodsAndServicesSold": "278138932000",
            "operatingIncome": "249018306000",
            "sellingGeneralAndAdministrative": "16137086000",
            "researchAndDevelopment": "46108936000",
            "operatingExpenses": "65486963000",
            "investmentIncomeNet": "None",
            "netInterestIncome": "16660917000",
            "interestIncome": "19359172000",
            "interestExpense": "2698255000",
            "nonInterestIncome": "None",
            "otherNonOperatingIncome": "None",
            "depreciation": "None",
            "depreciationAndAmortization": "159023162000",
            "incomeBeforeTax": "266543204000",
            "incomeTaxExpense": "41321941000",
            "interestAndDebtExpense": "None",
            "netIncomeFromContinuingOperations": "225485000000",
            "comprehensiveIncomeNetOfTax": "None",
            "ebit": "269241459000",
            "ebitda": "428264621000",
            "netIncome": "225484877000"
        },
        {
            "fiscalDateEnding": "2023-12-31",
            "reportedCurrency": "TWD",
            "grossProfit": "331768000000",
            "totalRevenue": "625529000000",
            "costOfRevenue": "293761000000",
            "costofGoodsAndServicesSold": "293761000000",
            "operatingIncome": "260205000000",
            "sellingGeneralAndAdministrative": "18235339000",
            "researchAndDevelopment": "50410000000",
            "operatingExpenses": "71563000000",
            "investmentIncomeNet": "None",
            "netInterestIncome": "14490150000",
            "interestIncome": "17408787000",
            "interestExpense": "2918637000",
            "nonInterestIncome": "None",
            "otherNonOperatingIncome": "None",
            "depreciation": "None",
            "depreciationAndAmortization": "150648000000",
            "incomeBeforeTax": "278281000000",
            "incomeTaxExpense": "39974000000",
            "interestAndDebtExpense": "None",
            "netIncomeFromContinuingOperations": "251566384000",
            "comprehensiveIncomeNetOfTax": "None",
            "ebit": "260205000000",
            "ebitda": "410853000000",
            "netIncome": "238712000000"
        },
        {
            "fiscalDateEnding": "2023-09-30",
            "reportedCurrency": "TWD",
            "grossProfit": "296643000000",
            "totalRevenue": "546733000000",
            "costOfRevenue": "250090000000",
            "costofGoodsAndServicesSold": "250090000000",
            "operatingIncome": "228065000000",
            "sellingGeneralAndAdministrative": "17571000000",
            "researchAndDevelopment": "51137762000",
            "operatingExpenses": "318668000000",
            "investmentIncomeNet": "None",
            "netInterestIncome": "12483352000",
            "interestIncome": "13650000000",
            "interestExpense": "3111922000",
            "nonInterestIncome": "None",
            "otherNonOperatingIncome": "None",
            "depreciation": "None",
            "depreciationAndAmortization": "147280162000",
            "incomeBeforeTax": "241940000000",
            "incomeTaxExpense": "31145000000",
            "interestAndDebtExpense": "None",
            "netIncomeFromContinuingOperations": "241940000000",
            "comprehensiveIncomeNetOfTax": "None",
            "ebit": "228065000000",
            "ebitda": "228065000000",
            "netIncome": "211000000000"
        },
        {
            "fiscalDateEnding": "2023-06-30",
            "reportedCurrency": "TWD",
            "grossProfit": "260200000000",
            "totalRevenue": "480841000000",
            "costOfRevenue": "220641000000",
            "costofGoodsAndServicesSold": "220641000000",
            "operatingIncome": "201958000000",
            "sellingGeneralAndAdministrative": "14163389000",
            "researchAndDevelopment": "41665000000",
            "operatingExpenses": "278883000000",
            "investmentIncomeNet": "None",
            "netInterestIncome": "10667000000",
            "interestIncome": "11801000000",
            "interestExpense": "3005155000",
            "nonInterestIncome": "None",
            "otherNonOperatingIncome": "None",
            "depreciation": "None",
            "depreciationAndAmortization": "123939000000",
            "incomeBeforeTax": "214675000000",
            "incomeTaxExpense": "32958000000",
            "interestAndDebtExpense": "None",
            "netIncomeFromContinuingOperations": "181717000000",
            "comprehensiveIncomeNetOfTax": "None",
            "ebit": "201958000000",
            "ebitda": "325897000000",
            "netIncome": "181799000000"
        },
        {
            "fiscalDateEnding": "2023-03-31",
            "reportedCurrency": "TWD",
            "grossProfit": "286500392000",
            "totalRevenue": "508632973000",
            "costOfRevenue": "222132581000",
            "costofGoodsAndServicesSold": "222132581000",
            "operatingIncome": "231238157000",
            "sellingGeneralAndAdministrative": "16957177000",
            "researchAndDevelopment": "44587023000",
            "operatingExpenses": "277394816000",
            "investmentIncomeNet": "None",
            "netInterestIncome": "10654132000",
            "interestIncome": "11693000000",
            "interestExpense": "3334985000",
            "nonInterestIncome": "None",
            "otherNonOperatingIncome": "None",
            "depreciation": "None",
            "depreciationAndAmortization": "110322641000",
            "incomeBeforeTax": "295904000000",
            "incomeTaxExpense": "37325895000",
            "interestAndDebtExpense": "None",
            "netIncomeFromContinuingOperations": "206949036000",
            "comprehensiveIncomeNetOfTax": "None",
            "ebit": "231238157000",
            "ebitda": "357561258000",
            "netIncome": "233625311000"
        },
        {
            "fiscalDateEnding": "2022-12-31",
            "reportedCurrency": "TWD",
            "grossProfit": "389183047000",
            "totalRevenue": "625530000000",
            "costOfRevenue": "236346953000",
            "costofGoodsAndServicesSold": "236346953000",
            "operatingIncome": "324644923000",
            "sellingGeneralAndAdministrative": "16957177000",
            "researchAndDevelopment": "44587023000",
            "operatingExpenses": "300885077000",
            "investmentIncomeNet": "None",
            "netInterestIncome": "7252347000",
            "interestIncome": "9486470000",
            "interestExpense": "3334985000",
            "nonInterestIncome": "None",
            "otherNonOperatingIncome": "None",
            "depreciation": "None",
            "depreciationAndAmortization": "107581924000",
            "incomeBeforeTax": "295904000000",
            "incomeTaxExpense": "62278689000",
            "interestAndDebtExpense": "None",
            "netIncomeFromContinuingOperations": "295900000000",
            "comprehensiveIncomeNetOfTax": "None",
            "ebit": "324644923000",
            "ebitda": "-64540000000",
            "netIncome": "233625311000"
        },
        {
            "fiscalDateEnding": "2022-09-30",
            "reportedCurrency": "TWD",
            "grossProfit": "370498717000",
            "totalRevenue": "613142743000",
            "costOfRevenue": "242644026000",
            "costofGoodsAndServicesSold": "242644026000",
            "operatingIncome": "310324214000",
            "sellingGeneralAndAdministrative": "14499002000",
            "researchAndDevelopment": "42977507000",
            "operatingExpenses": "302818529000",
            "investmentIncomeNet": "None",
            "netInterestIncome": "3245026000",
            "interestIncome": "6615044000",
            "interestExpense": "3370018000",
            "nonInterestIncome": "None",
            "otherNonOperatingIncome": "None",
            "depreciation": "None",
            "depreciationAndAmortization": "105345666000",
            "incomeBeforeTax": "316690867000",
            "incomeTaxExpense": "35722460000",
            "interestAndDebtExpense": "None",
            "netIncomeFromContinuingOperations": "280968407000",
            "comprehensiveIncomeNetOfTax": "None",
            "ebit": "310324214000",
            "ebitda": "424381386000",
            "netIncome": "280865780000"
        },
        {
            "fiscalDateEnding": "2022-06-30",
            "reportedCurrency": "TWD",
            "grossProfit": "315467994000",
            "totalRevenue": "534140808000",
            "costOfRevenue": "218672814000",
            "costofGoodsAndServicesSold": "218672814000",
            "operatingIncome": "262123749000",
            "sellingGeneralAndAdministrative": "11568594000",
            "researchAndDevelopment": "39649130000",
            "operatingExpenses": "272017059000",
            "investmentIncomeNet": "None",
            "netInterestIncome": "641714000",
            "interestIncome": "3545945000",
            "interestExpense": "2904231000",
            "nonInterestIncome": "None",
            "otherNonOperatingIncome": "None",
            "depreciation": "None",
            "depreciationAndAmortization": "113224647000",
            "incomeBeforeTax": "265998281000",
            "incomeTaxExpense": "28818029000",
            "interestAndDebtExpense": "None",
            "netIncomeFromContinuingOperations": "237180252000",
            "comprehensiveIncomeNetOfTax": "None",
            "ebit": "262123749000",
            "ebitda": "381426917000",
            "netIncome": "237027317000"
        },
        {
            "fiscalDateEnding": "2022-03-31",
            "reportedCurrency": "TWD",
            "grossProfit": "273203166000",
            "totalRevenue": "491075873000",
            "costOfRevenue": "217872707000",
            "costofGoodsAndServicesSold": "217872707000",
            "operatingIncome": "223790118000",
            "sellingGeneralAndAdministrative": "10500027000",
            "researchAndDevelopment": "32239000000",
            "operatingExpenses": "267285755000",
            "investmentIncomeNet": "None",
            "netInterestIncome": "-466887000",
            "interestIncome": "1259000000",
            "interestExpense": "2140766000",
            "nonInterestIncome": "None",
            "otherNonOperatingIncome": "None",
            "depreciation": "None",
            "depreciationAndAmortization": "111102063000",
            "incomeBeforeTax": "184819211000",
            "incomeTaxExpense": "18446000000",
            "interestAndDebtExpense": "None",
            "netIncomeFromContinuingOperations": "202873374000",
            "comprehensiveIncomeNetOfTax": "None",
            "ebit": "223790000000",
            "ebitda": "168433237000",
            "netIncome": "166232291000"
        },
        {
            "fiscalDateEnding": "2021-12-31",
            "reportedCurrency": "TWD",
            "grossProfit": "230678922000",
            "totalRevenue": "438189000000",
            "costOfRevenue": "207510078000",
            "costofGoodsAndServicesSold": "207510078000",
            "operatingIncome": "182771954000",
            "sellingGeneralAndAdministrative": "15639000000",
            "researchAndDevelopment": "32239000000",
            "operatingExpenses": "255417046000",
            "investmentIncomeNet": "None",
            "netInterestIncome": "-712000000",
            "interestIncome": "939000000",
            "interestExpense": "712000000",
            "nonInterestIncome": "None",
            "otherNonOperatingIncome": "None",
            "depreciation": "None",
            "depreciationAndAmortization": "110663000000",
            "incomeBeforeTax": "184819000000",
            "incomeTaxExpense": "18446000000",
            "interestAndDebtExpense": "None",
            "netIncomeFromContinuingOperations": "166373515000",
            "comprehensiveIncomeNetOfTax": "None",
            "ebit": "183966000000",
            "ebitda": "294629000000",
            "netIncome": "166232000000"
        },
        {
            "fiscalDateEnding": "2021-09-30",
            "reportedCurrency": "TWD",
            "grossProfit": "212746243000",
            "totalRevenue": "414643431000",
            "costOfRevenue": "201897188000",
            "costofGoodsAndServicesSold": "201897188000",
            "operatingIncome": "171003543000",
            "sellingGeneralAndAdministrative": "7826613000",
            "researchAndDevelopment": "30873376000",
            "operatingExpenses": "243639888000",
            "investmentIncomeNet": "None",
            "netInterestIncome": "22481000",
            "interestIncome": "1536000000",
            "interestExpense": "1134399000",
            "nonInterestIncome": "None",
            "otherNonOperatingIncome": "None",
            "depreciation": "None",
            "depreciationAndAmortization": "107026739000",
            "incomeBeforeTax": "149391075000",
            "incomeTaxExpense": "14909359000",
            "interestAndDebtExpense": "None",
            "netIncomeFromContinuingOperations": "201164203000",
            "comprehensiveIncomeNetOfTax": "None",
            "ebit": "148750839000",
            "ebitda": "252556021000",
            "netIncome": "134358942000"
        },
        {
            "fiscalDateEnding": "2021-06-30",
            "reportedCurrency": "TWD",
            "grossProfit": "186196818000",
            "totalRevenue": "372145122000",
            "costOfRevenue": "185948304000",
            "costofGoodsAndServicesSold": "185948304000",
            "operatingIncome": "145667205000",
            "sellingGeneralAndAdministrative": "7826613000",
            "researchAndDevelopment": "30873376000",
            "operatingExpenses": "226477917000",
            "investmentIncomeNet": "None",
            "netInterestIncome": "294282000",
            "interestIncome": "1466000000",
            "interestExpense": "1134399000",
            "nonInterestIncome": "None",
            "otherNonOperatingIncome": "None",
            "depreciation": "None",
            "depreciationAndAmortization": "103805158000",
            "incomeBeforeTax": "149391075000",
            "incomeTaxExpense": "14909359000",
            "interestAndDebtExpense": "None",
            "netIncomeFromContinuingOperations": "134481716000",
            "comprehensiveIncomeNetOfTax": "None",
            "ebit": "145667205000",
            "ebitda": "252556021000",
            "netIncome": "134358942000"
        },
        {
            "fiscalDateEnding": "2021-03-31",
            "reportedCurrency": "TWD",
            "grossProfit": "189839430000",
            "totalRevenue": "362474441000",
            "costOfRevenue": "172635011000",
            "costofGoodsAndServicesSold": "172635011000",
            "operatingIncome": "157120174000",
            "sellingGeneralAndAdministrative": "6387572000",
            "researchAndDevelopment": "29940412000",
            "operatingExpenses": "205354267000",
            "investmentIncomeNet": "None",
            "netInterestIncome": "688809000",
            "interestIncome": "1956000000",
            "interestExpense": "768582000",
            "nonInterestIncome": "None",
            "otherNonOperatingIncome": "None",
            "depreciation": "None",
            "depreciationAndAmortization": "100900318000",
            "incomeBeforeTax": "161107361000",
            "incomeTaxExpense": "18282837000",
            "interestAndDebtExpense": "None",
            "netIncomeFromContinuingOperations": "139738749000",
            "comprehensiveIncomeNetOfTax": "None",
            "ebit": "150812578000",
            "ebitda": "258093854000",
            "netIncome": "142766434000"
        },
        {
            "fiscalDateEnding": "2020-12-31",
            "reportedCurrency": "TWD",
            "grossProfit": "195236325000",
            "totalRevenue": "361580556000",
            "costOfRevenue": "166344231000",
            "costofGoodsAndServicesSold": "166344231000",
            "operatingIncome": "157120174000",
            "sellingGeneralAndAdministrative": "6387572000",
            "researchAndDevelopment": "29940412000",
            "operatingExpenses": "204460382000",
            "investmentIncomeNet": "None",
            "netInterestIncome": "884424000",
            "interestIncome": "2240000000",
            "interestExpense": "768627000",
            "nonInterestIncome": "None",
            "otherNonOperatingIncome": "None",
            "depreciation": "None",
            "depreciationAndAmortization": "97561886000",
            "incomeBeforeTax": "161107361000",
            "incomeTaxExpense": "18282837000",
            "interestAndDebtExpense": "None",
            "netIncomeFromContinuingOperations": "142824524000",
            "comprehensiveIncomeNetOfTax": "None",
            "ebit": "161817898000",
            "ebitda": "259379784000",
            "netIncome": "142766434000"
        },
        {
            "fiscalDateEnding": "2020-09-30",
            "reportedCurrency": "TWD",
            "grossProfit": "190493496000",
            "totalRevenue": "356439030000",
            "costOfRevenue": "165945534000",
            "costofGoodsAndServicesSold": "165945534000",
            "operatingIncome": "150047349000",
            "sellingGeneralAndAdministrative": "9272555000",
            "researchAndDevelopment": "29683751000",
            "operatingExpenses": "206391681000",
            "investmentIncomeNet": "None",
            "netInterestIncome": "1524799000",
            "interestIncome": "4820918000",
            "interestExpense": "373164000",
            "nonInterestIncome": "None",
            "otherNonOperatingIncome": "None",
            "depreciation": "None",
            "depreciationAndAmortization": "94733076000",
            "incomeBeforeTax": "155124003000",
            "incomeTaxExpense": "17745852000",
            "interestAndDebtExpense": "None",
            "netIncomeFromContinuingOperations": "185714412000",
            "comprehensiveIncomeNetOfTax": "None",
            "ebit": "153038244000",
            "ebitda": "247771320000",
            "netIncome": "137310040000"
        },
        {
            "fiscalDateEnding": "2020-06-30",
            "reportedCurrency": "TWD",
            "grossProfit": "164623791000",
            "totalRevenue": "310629333000",
            "costOfRevenue": "146005542000",
            "costofGoodsAndServicesSold": "146005542000",
            "operatingIncome": "131094538000",
            "sellingGeneralAndAdministrative": "6894405000",
            "researchAndDevelopment": "24893043000",
            "operatingExpenses": "179534795000",
            "investmentIncomeNet": "None",
            "netInterestIncome": "2069217000",
            "interestIncome": "4857965000",
            "interestExpense": "409145000",
            "nonInterestIncome": "None",
            "otherNonOperatingIncome": "None",
            "depreciation": "None",
            "depreciationAndAmortization": "70875252000",
            "incomeBeforeTax": "136398638000",
            "incomeTaxExpense": "15506124000",
            "interestAndDebtExpense": "None",
            "netIncomeFromContinuingOperations": "120892514000",
            "comprehensiveIncomeNetOfTax": "None",
            "ebit": "134696354000",
            "ebitda": "205571606000",
            "netIncome": "120822193000"
        },
        {
            "fiscalDateEnding": "2020-03-31",
            "reportedCurrency": "TWD",
            "grossProfit": "160776508000",
            "totalRevenue": "310589510000",
            "costOfRevenue": "149813002000",
            "costofGoodsAndServicesSold": "149813002000",
            "operatingIncome": "124244000000",
            "sellingGeneralAndAdministrative": "5903061000",
            "researchAndDevelopment": "25636000000",
            "operatingExpenses": "186345510000",
            "investmentIncomeNet": "None",
            "netInterestIncome": "2458505000",
            "interestIncome": "3759222000",
            "interestExpense": "530564000",
            "nonInterestIncome": "None",
            "otherNonOperatingIncome": "0",
            "depreciation": "None",
            "depreciationAndAmortization": "67532000000",
            "incomeBeforeTax": "128782000000",
            "incomeTaxExpense": "12704000000",
            "interestAndDebtExpense": "None",
            "netIncomeFromContinuingOperations": "117062893000",
            "comprehensiveIncomeNetOfTax": "None",
            "ebit": "124244000000",
            "ebitda": "191776000000",
            "netIncome": "116035000000"
        },
        {
            "fiscalDateEnding": "2019-12-31",
            "reportedCurrency": "TWD",
            "grossProfit": "159202000000",
            "totalRevenue": "317237000000",
            "costOfRevenue": "158035000000",
            "costofGoodsAndServicesSold": "158035000000",
            "operatingIncome": "124244000000",
            "sellingGeneralAndAdministrative": "9307000000",
            "researchAndDevelopment": "25636000000",
            "operatingExpenses": "192993000000",
            "investmentIncomeNet": "None",
            "netInterestIncome": "2675000000",
            "interestIncome": "4243946000",
            "interestExpense": "645127000",
            "nonInterestIncome": "None",
            "otherNonOperatingIncome": "0",
            "depreciation": "None",
            "depreciationAndAmortization": "67532000000",
            "incomeBeforeTax": "128782000000",
            "incomeTaxExpense": "12704000000",
            "interestAndDebtExpense": "None",
            "netIncomeFromContinuingOperations": "116078000000",
            "comprehensiveIncomeNetOfTax": "None",
            "ebit": "128739000000",
            "ebitda": "196271000000",
            "netIncome": "116035000000"
        },
        {
            "fiscalDateEnding": "2019-09-30",
            "reportedCurrency": "TWD",
            "grossProfit": "139412434000",
            "totalRevenue": "293025712000",
            "costOfRevenue": "153613278000",
            "costofGoodsAndServicesSold": "153613278000",
            "operatingIncome": "107887292000",
            "sellingGeneralAndAdministrative": "5810048000",
            "researchAndDevelopment": "23972076000",
            "operatingExpenses": "185138420000",
            "investmentIncomeNet": "None",
            "netInterestIncome": "3072664000",
            "interestIncome": "4417771000",
            "interestExpense": "843434000",
            "nonInterestIncome": "None",
            "otherNonOperatingIncome": "0",
            "depreciation": "None",
            "depreciationAndAmortization": "66756000000",
            "incomeBeforeTax": "112336271000",
            "incomeTaxExpense": "11233817000",
            "interestAndDebtExpense": "None",
            "netIncomeFromContinuingOperations": "101102454000",
            "comprehensiveIncomeNetOfTax": "None",
            "ebit": "112753950000",
            "ebitda": "179509950000",
            "netIncome": "101069886000"
        },
        {
            "fiscalDateEnding": "2019-06-30",
            "reportedCurrency": "TWD",
            "grossProfit": "103730060000",
            "totalRevenue": "241055305000",
            "costOfRevenue": "137325245000",
            "costofGoodsAndServicesSold": "137325245000",
            "operatingIncome": "76304053000",
            "sellingGeneralAndAdministrative": "4288263000",
            "researchAndDevelopment": "21393728000",
            "operatingExpenses": "164751252000",
            "investmentIncomeNet": "None",
            "netInterestIncome": "3682166000",
            "interestIncome": "4187997000",
            "interestExpense": "864751000",
            "nonInterestIncome": "None",
            "otherNonOperatingIncome": "0",
            "depreciation": "None",
            "depreciationAndAmortization": "75048350000",
            "incomeBeforeTax": "80545440000",
            "incomeTaxExpense": "13769589000",
            "interestAndDebtExpense": "None",
            "netIncomeFromContinuingOperations": "66775851000",
            "comprehensiveIncomeNetOfTax": "None",
            "ebit": "81536793000",
            "ebitda": "156585143000",
            "netIncome": "66764850000"
        },
        {
            "fiscalDateEnding": "2019-03-31",
            "reportedCurrency": "TWD",
            "grossProfit": "90357557000",
            "totalRevenue": "218709901000",
            "costOfRevenue": "128352344000",
            "costofGoodsAndServicesSold": "128352344000",
            "operatingIncome": "107124000000",
            "sellingGeneralAndAdministrative": "5686868000",
            "researchAndDevelopment": "23689000000",
            "operatingExpenses": "111585901000",
            "investmentIncomeNet": "None",
            "netInterestIncome": "3509711000",
            "interestIncome": "4408776000",
            "interestExpense": "875782000",
            "nonInterestIncome": "None",
            "otherNonOperatingIncome": "0",
            "depreciation": "None",
            "depreciationAndAmortization": "76030000000",
            "incomeBeforeTax": "111082000000",
            "incomeTaxExpense": "11077000000",
            "interestAndDebtExpense": "None",
            "netIncomeFromContinuingOperations": "61387310000",
            "comprehensiveIncomeNetOfTax": "None",
            "ebit": "107124000000",
            "ebitda": "183154000000",
            "netIncome": "99984000000"
        },
        {
            "fiscalDateEnding": "2018-12-31",
            "reportedCurrency": "TWD",
            "grossProfit": "140639223000",
            "totalRevenue": "289771000000",
            "costOfRevenue": "149131777000",
            "costofGoodsAndServicesSold": "149131777000",
            "operatingIncome": "107124000000",
            "sellingGeneralAndAdministrative": "5686868000",
            "researchAndDevelopment": "23689000000",
            "operatingExpenses": "182647000000",
            "investmentIncomeNet": "None",
            "netInterestIncome": "None",
            "interestIncome": "None",
            "interestExpense": "875782000",
            "nonInterestIncome": "None",
            "otherNonOperatingIncome": "0",
            "depreciation": "None",
            "depreciationAndAmortization": "76030000000",
            "incomeBeforeTax": "111082000000",
            "incomeTaxExpense": "11077000000",
            "interestAndDebtExpense": "None",
            "netIncomeFromContinuingOperations": "4186.53",
            "comprehensiveIncomeNetOfTax": "None",
            "ebit": "111936782000",
            "ebitda": "187966782000",
            "netIncome": "99984000000"
        },
        {
            "fiscalDateEnding": "2018-09-30",
            "reportedCurrency": "TWD",
            "grossProfit": "123366640000",
            "totalRevenue": "260333679000",
            "costOfRevenue": "136967039000",
            "costofGoodsAndServicesSold": "136967039000",
            "operatingIncome": "95245181000",
            "sellingGeneralAndAdministrative": "4656730000",
            "researchAndDevelopment": "21886199000",
            "operatingExpenses": "165088498000",
            "investmentIncomeNet": "None",
            "netInterestIncome": "None",
            "interestIncome": "None",
            "interestExpense": "739068000",
            "nonInterestIncome": "None",
            "otherNonOperatingIncome": "0",
            "depreciation": "None",
            "depreciationAndAmortization": "73609817000",
            "incomeBeforeTax": "98896942000",
            "incomeTaxExpense": "9798870000",
            "interestAndDebtExpense": "None",
            "netIncomeFromContinuingOperations": "2915989919.82",
            "comprehensiveIncomeNetOfTax": "None",
            "ebit": "100106498000",
            "ebitda": "173716315000",
            "netIncome": "89071628000"
        },
        {
            "fiscalDateEnding": "2018-06-30",
            "reportedCurrency": "TWD",
            "grossProfit": "111530934000",
            "totalRevenue": "233219641000",
            "costOfRevenue": "121688707000",
            "costofGoodsAndServicesSold": "121688707000",
            "operatingIncome": "84428146000",
            "sellingGeneralAndAdministrative": "5070594000",
            "researchAndDevelopment": "19891553000",
            "operatingExpenses": "148791495000",
            "investmentIncomeNet": "None",
            "netInterestIncome": "None",
            "interestIncome": "None",
            "interestExpense": "628284000",
            "nonInterestIncome": "None",
            "otherNonOperatingIncome": "None",
            "depreciation": "None",
            "depreciationAndAmortization": "71408684000",
            "incomeBeforeTax": "87587608000",
            "incomeTaxExpense": "15294233000",
            "interestAndDebtExpense": "None",
            "netIncomeFromContinuingOperations": "2366821359",
            "comprehensiveIncomeNetOfTax": "None",
            "ebit": "88373869000",
            "ebitda": "159782553000",
            "netIncome": "72290539000"
        },
        {
            "fiscalDateEnding": "2018-03-31",
            "reportedCurrency": "TWD",
            "grossProfit": "196472571000",
            "totalRevenue": "248078671000",
            "costOfRevenue": "51606100000",
            "costofGoodsAndServicesSold": "51606100000",
            "operatingIncome": "108894976000",
            "sellingGeneralAndAdministrative": "6018259000",
            "researchAndDevelopment": "21217212000",
            "operatingExpenses": "139183695000",
            "investmentIncomeNet": "None",
            "netInterestIncome": "None",
            "interestIncome": "None",
            "interestExpense": "830509000",
            "nonInterestIncome": "None",
            "otherNonOperatingIncome": "None",
            "depreciation": "None",
            "depreciationAndAmortization": "70813463000",
            "incomeBeforeTax": "111703770000",
            "incomeTaxExpense": "10505558000",
            "interestAndDebtExpense": "None",
            "netIncomeFromContinuingOperations": "89787574000",
            "comprehensiveIncomeNetOfTax": "None",
            "ebit": "113772563000",
            "ebitda": "184586026000",
            "netIncome": "101172946000"
        },
        {
            "fiscalDateEnding": "2017-12-31",
            "reportedCurrency": "TWD",
            "grossProfit": "138747962000",
            "totalRevenue": "277602795000",
            "costOfRevenue": "138854833000",
            "costofGoodsAndServicesSold": "138854833000",
            "operatingIncome": "108894976000",
            "sellingGeneralAndAdministrative": "6018259000",
            "researchAndDevelopment": "21217212000",
            "operatingExpenses": "168707819000",
            "investmentIncomeNet": "None",
            "netInterestIncome": "None",
            "interestIncome": "None",
            "interestExpense": "830509000",
            "nonInterestIncome": "None",
            "otherNonOperatingIncome": "None",
            "depreciation": "None",
            "depreciationAndAmortization": "70813463000",
            "incomeBeforeTax": "111703770000",
            "incomeTaxExpense": "10505558000",
            "interestAndDebtExpense": "None",
            "netIncomeFromContinuingOperations": "300010168000",
            "comprehensiveIncomeNetOfTax": "None",
            "ebit": "112509013000",
            "ebitda": "183322476000",
            "netIncome": "101172946000"
        },
        {
            "fiscalDateEnding": "2017-09-30",
            "reportedCurrency": "TWD",
            "grossProfit": "125880148000",
            "totalRevenue": "252110812000",
            "costOfRevenue": "126230664000",
            "costofGoodsAndServicesSold": "126230664000",
            "operatingIncome": "98056433000",
            "sellingGeneralAndAdministrative": "5003679000",
            "researchAndDevelopment": "21045439000",
            "operatingExpenses": "154054379000",
            "investmentIncomeNet": "None",
            "netInterestIncome": "None",
            "interestIncome": "None",
            "interestExpense": "843214000",
            "nonInterestIncome": "None",
            "otherNonOperatingIncome": "None",
            "depreciation": "None",
            "depreciationAndAmortization": "71164662000",
            "incomeBeforeTax": "100518164000",
            "incomeTaxExpense": "10568936000",
            "interestAndDebtExpense": "None",
            "netIncomeFromContinuingOperations": "153999996000",
            "comprehensiveIncomeNetOfTax": "None",
            "ebit": "101005112000",
            "ebitda": "172169774000",
            "netIncome": "89925437000"
        },
        {
            "fiscalDateEnding": "2017-06-30",
            "reportedCurrency": "TWD",
            "grossProfit": "103810623000",
            "totalRevenue": "213810623000",
            "costOfRevenue": "110000000000",
            "costofGoodsAndServicesSold": "110000000000",
            "operatingIncome": "83255401000",
            "sellingGeneralAndAdministrative": "4927159000",
            "researchAndDevelopment": "19057456000",
            "operatingExpenses": "130555222000",
            "investmentIncomeNet": "None",
            "netInterestIncome": "None",
            "interestIncome": "None",
            "interestExpense": "839913000",
            "nonInterestIncome": "None",
            "otherNonOperatingIncome": "None",
            "depreciation": "None",
            "depreciationAndAmortization": "57992390000",
            "incomeBeforeTax": "86117467000",
            "incomeTaxExpense": "19846815000",
            "interestAndDebtExpense": "None",
            "netIncomeFromContinuingOperations": "-196592072000",
            "comprehensiveIncomeNetOfTax": "None",
            "ebit": "86587830000",
            "ebitda": "144580220000",
            "netIncome": "66271019000"
        },
        {
            "fiscalDateEnding": "2017-03-31",
            "reportedCurrency": "TWD",
            "grossProfit": "108820815000",
            "totalRevenue": "233937607000",
            "costOfRevenue": "125116792000",
            "costofGoodsAndServicesSold": "125116792000",
            "operatingIncome": "109907363000",
            "sellingGeneralAndAdministrative": "5698653000",
            "researchAndDevelopment": "19960877000",
            "operatingExpenses": "124030244000",
            "investmentIncomeNet": "None",
            "netInterestIncome": "None",
            "interestIncome": "None",
            "interestExpense": "811428000",
            "nonInterestIncome": "None",
            "otherNonOperatingIncome": "None",
            "depreciation": "None",
            "depreciationAndAmortization": "56437557000",
            "incomeBeforeTax": "112009795000",
            "incomeTaxExpense": "14322484000",
            "interestAndDebtExpense": "None",
            "netIncomeFromContinuingOperations": "87620908000",
            "comprehensiveIncomeNetOfTax": "None",
            "ebit": "112438808000",
            "ebitda": "168876365000",
            "netIncome": "97666830000"
        },
        {
            "fiscalDateEnding": "2016-12-31",
            "reportedCurrency": "TWD",
            "grossProfit": "137109497000",
            "totalRevenue": "262226289000",
            "costOfRevenue": "125116792000",
            "costofGoodsAndServicesSold": "125116792000",
            "operatingIncome": "109860863000",
            "sellingGeneralAndAdministrative": "5698653000",
            "researchAndDevelopment": "19960877000",
            "operatingExpenses": "152365426000",
            "investmentIncomeNet": "None",
            "netInterestIncome": "None",
            "interestIncome": "None",
            "interestExpense": "811428000",
            "nonInterestIncome": "None",
            "otherNonOperatingIncome": "None",
            "depreciation": "None",
            "depreciationAndAmortization": "56437557000",
            "incomeBeforeTax": "112009795000",
            "incomeTaxExpense": "14322484000",
            "interestAndDebtExpense": "None",
            "netIncomeFromContinuingOperations": "331797300000",
            "comprehensiveIncomeNetOfTax": "None",
            "ebit": "112800742000",
            "ebitda": "169238299000",
            "netIncome": "97666830000"
        },
        {
            "fiscalDateEnding": "2016-09-30",
            "reportedCurrency": "TWD",
            "grossProfit": "132050789000",
            "totalRevenue": "260417602000",
            "costOfRevenue": "128366813000",
            "costofGoodsAndServicesSold": "128366813000",
            "operatingIncome": "106262122000",
            "sellingGeneralAndAdministrative": "5584814000",
            "researchAndDevelopment": "18724320000",
            "operatingExpenses": "154155480000",
            "investmentIncomeNet": "None",
            "netInterestIncome": "None",
            "interestIncome": "None",
            "interestExpense": "822667000",
            "nonInterestIncome": "None",
            "otherNonOperatingIncome": "None",
            "depreciation": "None",
            "depreciationAndAmortization": "56268794000",
            "incomeBeforeTax": "108249615000",
            "incomeTaxExpense": "11460502000",
            "interestAndDebtExpense": "None",
            "netIncomeFromContinuingOperations": "0",
            "comprehensiveIncomeNetOfTax": "None",
            "ebit": "108688065000",
            "ebitda": "164956859000",
            "netIncome": "96759056000"
        },
        {
            "fiscalDateEnding": "2016-06-30",
            "reportedCurrency": "TWD",
            "grossProfit": "114334236000",
            "totalRevenue": "221802837000",
            "costOfRevenue": "107468601000",
            "costofGoodsAndServicesSold": "107468601000",
            "operatingIncome": "91321001000",
            "sellingGeneralAndAdministrative": "4667198000",
            "researchAndDevelopment": "16903540000",
            "operatingExpenses": "130481836000",
            "investmentIncomeNet": "None",
            "netInterestIncome": "None",
            "interestIncome": "None",
            "interestExpense": "821425000",
            "nonInterestIncome": "None",
            "otherNonOperatingIncome": "None",
            "depreciation": "None",
            "depreciationAndAmortization": "55274988000",
            "incomeBeforeTax": "93406391000",
            "incomeTaxExpense": "20878112000",
            "interestAndDebtExpense": "None",
            "netIncomeFromContinuingOperations": "0",
            "comprehensiveIncomeNetOfTax": "None",
            "ebit": "94028572000",
            "ebitda": "149303560000",
            "netIncome": "72506321000"
        },
        {
            "fiscalDateEnding": "2016-03-31",
            "reportedCurrency": "TWD",
            "grossProfit": "98887325000",
            "totalRevenue": "203495361000",
            "costOfRevenue": "104608036000",
            "costofGoodsAndServicesSold": "104608036000",
            "operatingIncome": "77963695000",
            "sellingGeneralAndAdministrative": "4130899000",
            "researchAndDevelopment": "15664559000",
            "operatingExpenses": "125531666000",
            "investmentIncomeNet": "None",
            "netInterestIncome": "None",
            "interestIncome": "None",
            "interestExpense": "820016000",
            "nonInterestIncome": "None",
            "otherNonOperatingIncome": "None",
            "depreciation": "None",
            "depreciationAndAmortization": "56255855000",
            "incomeBeforeTax": "80692318000",
            "incomeTaxExpense": "11573530000",
            "interestAndDebtExpense": "None",
            "netIncomeFromContinuingOperations": "0",
            "comprehensiveIncomeNetOfTax": "None",
            "ebit": "81709036000",
            "ebitda": "137964891000",
            "netIncome": "69114251000"
        },
        {
            "fiscalDateEnding": "2015-12-31",
            "reportedCurrency": "TWD",
            "grossProfit": "98924924000",
            "totalRevenue": "203532960000",
            "costOfRevenue": "104608036000",
            "costofGoodsAndServicesSold": "104608036000",
            "operatingIncome": "79645795000",
            "sellingGeneralAndAdministrative": "4130899000",
            "researchAndDevelopment": "15664559000",
            "operatingExpenses": "123887165000",
            "investmentIncomeNet": "None",
            "netInterestIncome": "None",
            "interestIncome": "None",
            "interestExpense": "820016000",
            "nonInterestIncome": "None",
            "otherNonOperatingIncome": "None",
            "depreciation": "None",
            "depreciationAndAmortization": "56255855000",
            "incomeBeforeTax": "80692318000",
            "incomeTaxExpense": "11573530000",
            "interestAndDebtExpense": "None",
            "netIncomeFromContinuingOperations": "302832900000",
            "comprehensiveIncomeNetOfTax": "None",
            "ebit": "81507797000",
            "ebitda": "137763652000",
            "netIncome": "69114251000"
        },
        {
            "fiscalDateEnding": "2015-09-30",
            "reportedCurrency": "TWD",
            "grossProfit": "102335756000",
            "totalRevenue": "212524180000",
            "costOfRevenue": "110188424000",
            "costofGoodsAndServicesSold": "110188424000",
            "operatingIncome": "78388924000",
            "sellingGeneralAndAdministrative": "4296668000",
            "researchAndDevelopment": "16486365000",
            "operatingExpenses": "134135256000",
            "investmentIncomeNet": "None",
            "netInterestIncome": "None",
            "interestIncome": "None",
            "interestExpense": "792941000",
            "nonInterestIncome": "None",
            "otherNonOperatingIncome": "None",
            "depreciation": "None",
            "depreciationAndAmortization": "56148642000",
            "incomeBeforeTax": "83394619000",
            "incomeTaxExpense": "8077319000",
            "interestAndDebtExpense": "None",
            "netIncomeFromContinuingOperations": "0",
            "comprehensiveIncomeNetOfTax": "None",
            "ebit": "80318697000",
            "ebitda": "136467339000",
            "netIncome": "75329224000"
        },
        {
            "fiscalDateEnding": "2015-06-30",
            "reportedCurrency": "TWD",
            "grossProfit": "99704956000",
            "totalRevenue": "205440763000",
            "costOfRevenue": "105735807000",
            "costofGoodsAndServicesSold": "105735807000",
            "operatingIncome": "77069058000",
            "sellingGeneralAndAdministrative": "4463580000",
            "researchAndDevelopment": "16612213000",
            "operatingExpenses": "128371705000",
            "investmentIncomeNet": "None",
            "netInterestIncome": "None",
            "interestIncome": "None",
            "interestExpense": "783401000",
            "nonInterestIncome": "None",
            "otherNonOperatingIncome": "None",
            "depreciation": "None",
            "depreciationAndAmortization": "54623107000",
            "incomeBeforeTax": "98131683000",
            "incomeTaxExpense": "18718779000",
            "interestAndDebtExpense": "None",
            "netIncomeFromContinuingOperations": "0",
            "comprehensiveIncomeNetOfTax": "None",
            "ebit": "79419079000",
            "ebitda": "134042186000",
            "netIncome": "79417514000"
        },
        {
            "fiscalDateEnding": "2015-03-31",
            "reportedCurrency": "TWD",
            "grossProfit": "110048591000",
            "totalRevenue": "222034144000",
            "costOfRevenue": "111985553000",
            "costofGoodsAndServicesSold": "111985553000",
            "operatingIncome": "88202037000",
            "sellingGeneralAndAdministrative": "4257980000",
            "researchAndDevelopment": "15947094000",
            "operatingExpenses": "133832107000",
            "investmentIncomeNet": "None",
            "netInterestIncome": "None",
            "interestIncome": "None",
            "interestExpense": "822216000",
            "nonInterestIncome": "None",
            "otherNonOperatingIncome": "None",
            "depreciation": "None",
            "depreciationAndAmortization": "56417442000",
            "incomeBeforeTax": "89292346000",
            "incomeTaxExpense": "18918987000",
            "interestAndDebtExpense": "None",
            "netIncomeFromContinuingOperations": "0",
            "comprehensiveIncomeNetOfTax": "None",
            "ebit": "90341593000",
            "ebitda": "146759035000",
            "netIncome": "70393134000"
        },
        {
            "fiscalDateEnding": "2014-12-31",
            "reportedCurrency": "TWD",
            "grossProfit": "110550615000",
            "totalRevenue": "222536168000",
            "costOfRevenue": "111985553000",
            "costofGoodsAndServicesSold": "111985553000",
            "operatingIncome": "89151537000",
            "sellingGeneralAndAdministrative": "4257980000",
            "researchAndDevelopment": "15947094000",
            "operatingExpenses": "133384631000",
            "investmentIncomeNet": "None",
            "netInterestIncome": "None",
            "interestIncome": "None",
            "interestExpense": "822216000",
            "nonInterestIncome": "None",
            "otherNonOperatingIncome": "None",
            "depreciation": "None",
            "depreciationAndAmortization": "56417442000",
            "incomeBeforeTax": "89292346000",
            "incomeTaxExpense": "18918987000",
            "interestAndDebtExpense": "None",
            "netIncomeFromContinuingOperations": "254183600000",
            "comprehensiveIncomeNetOfTax": "None",
            "ebit": "90134337000",
            "ebitda": "146551779000",
            "netIncome": "70393134000"
        },
        {
            "fiscalDateEnding": "2014-09-30",
            "reportedCurrency": "TWD",
            "grossProfit": "105578364000",
            "totalRevenue": "209046528000",
            "costOfRevenue": "103468164000",
            "costofGoodsAndServicesSold": "103468164000",
            "operatingIncome": "84431984000",
            "sellingGeneralAndAdministrative": "4611885000",
            "researchAndDevelopment": "15206014000",
            "operatingExpenses": "124614544000",
            "investmentIncomeNet": "None",
            "netInterestIncome": "None",
            "interestIncome": "None",
            "interestExpense": "816054000",
            "nonInterestIncome": "None",
            "otherNonOperatingIncome": "None",
            "depreciation": "None",
            "depreciationAndAmortization": "56232567000",
            "incomeBeforeTax": "85381192000",
            "incomeTaxExpense": "9076586000",
            "interestAndDebtExpense": "None",
            "netIncomeFromContinuingOperations": "0",
            "comprehensiveIncomeNetOfTax": "None",
            "ebit": "86210968000",
            "ebitda": "142443535000",
            "netIncome": "76335237000"
        },
        {
            "fiscalDateEnding": "2014-06-30",
            "reportedCurrency": "TWD",
            "grossProfit": "91192925000",
            "totalRevenue": "183016115000",
            "costOfRevenue": "91823190000",
            "costofGoodsAndServicesSold": "91823190000",
            "operatingIncome": "70713919000",
            "sellingGeneralAndAdministrative": "5407864000",
            "researchAndDevelopment": "13609070000",
            "operatingExpenses": "112302196000",
            "investmentIncomeNet": "None",
            "netInterestIncome": "None",
            "interestIncome": "None",
            "interestExpense": "801450000",
            "nonInterestIncome": "None",
            "otherNonOperatingIncome": "None",
            "depreciation": "None",
            "depreciationAndAmortization": "45979114000",
            "incomeBeforeTax": "74098120000",
            "incomeTaxExpense": "14438263000",
            "interestAndDebtExpense": "None",
            "netIncomeFromContinuingOperations": "0",
            "comprehensiveIncomeNetOfTax": "None",
            "ebit": "73142288000",
            "ebitda": "119121402000",
            "netIncome": "59702284000"
        },
        {
            "fiscalDateEnding": "2014-03-31",
            "reportedCurrency": "TWD",
            "grossProfit": "67683161000",
            "totalRevenue": "148232951000",
            "costOfRevenue": "80549790000",
            "costofGoodsAndServicesSold": "80549790000",
            "operatingIncome": "48393755000",
            "sellingGeneralAndAdministrative": "3762434000",
            "researchAndDevelopment": "12002069000",
            "operatingExpenses": "99839196000",
            "investmentIncomeNet": "None",
            "netInterestIncome": "None",
            "interestIncome": "None",
            "interestExpense": "785136000",
            "nonInterestIncome": "None",
            "otherNonOperatingIncome": "None",
            "depreciation": "None",
            "depreciationAndAmortization": "41151537000",
            "incomeBeforeTax": "50847023000",
            "incomeTaxExpense": "10229121000",
            "interestAndDebtExpense": "None",
            "netIncomeFromContinuingOperations": "0",
            "comprehensiveIncomeNetOfTax": "None",
            "ebit": "50112022000",
            "ebitda": "91263559000",
            "netIncome": "40641056000"
        },
        {
            "fiscalDateEnding": "2013-12-31",
            "reportedCurrency": "TWD",
            "grossProfit": "65277993000",
            "totalRevenue": "145827783000",
            "costOfRevenue": "80549790000",
            "costofGoodsAndServicesSold": "80549790000",
            "operatingIncome": "48361462000",
            "sellingGeneralAndAdministrative": "3762434000",
            "researchAndDevelopment": "12002069000",
            "operatingExpenses": "97466321000",
            "investmentIncomeNet": "None",
            "netInterestIncome": "None",
            "interestIncome": "None",
            "interestExpense": "785136000",
            "nonInterestIncome": "None",
            "otherNonOperatingIncome": "None",
            "depreciation": "None",
            "depreciationAndAmortization": "6201000",
            "incomeBeforeTax": "50847023000",
            "incomeTaxExpense": "10229121000",
            "interestAndDebtExpense": "None",
            "netIncomeFromContinuingOperations": "183849700000",
            "comprehensiveIncomeNetOfTax": "None",
            "ebit": "51655313000",
            "ebitda": "51661514000",
            "netIncome": "40641056000"
        },
        {
            "fiscalDateEnding": "2013-09-30",
            "reportedCurrency": "TWD",
            "grossProfit": "78890811000",
            "totalRevenue": "162527275000",
            "costOfRevenue": "83636464000",
            "costofGoodsAndServicesSold": "83636464000",
            "operatingIncome": "59618054000",
            "sellingGeneralAndAdministrative": "4738276000",
            "researchAndDevelopment": "13357075000",
            "operatingExpenses": "102909221000",
            "investmentIncomeNet": "None",
            "netInterestIncome": "None",
            "interestIncome": "None",
            "interestExpense": "732326000",
            "nonInterestIncome": "None",
            "otherNonOperatingIncome": "None",
            "depreciation": "None",
            "depreciationAndAmortization": "40439432000",
            "incomeBeforeTax": "59349884000",
            "incomeTaxExpense": "7415132000",
            "interestAndDebtExpense": "None",
            "netIncomeFromContinuingOperations": "0",
            "comprehensiveIncomeNetOfTax": "None",
            "ebit": "61188040000",
            "ebitda": "101627472000",
            "netIncome": "51951943000"
        },
        {
            "fiscalDateEnding": "2013-06-30",
            "reportedCurrency": "TWD",
            "grossProfit": "76422186000",
            "totalRevenue": "155889706000",
            "costOfRevenue": "79467520000",
            "costofGoodsAndServicesSold": "79467520000",
            "operatingIncome": "57629082000",
            "sellingGeneralAndAdministrative": "5685570000",
            "researchAndDevelopment": "11941871000",
            "operatingExpenses": "98260624000",
            "investmentIncomeNet": "None",
            "netInterestIncome": "None",
            "interestIncome": "None",
            "interestExpense": "635340000",
            "nonInterestIncome": "None",
            "otherNonOperatingIncome": "None",
            "depreciation": "None",
            "depreciationAndAmortization": "38094641000",
            "incomeBeforeTax": "60016679000",
            "incomeTaxExpense": "8255176000",
            "interestAndDebtExpense": "None",
            "netIncomeFromContinuingOperations": "0",
            "comprehensiveIncomeNetOfTax": "None",
            "ebit": "59211960000",
            "ebitda": "97306601000",
            "netIncome": "51807725000"
        },
        {
            "fiscalDateEnding": "2013-03-31",
            "reportedCurrency": "TWD",
            "grossProfit": "63433002000",
            "totalRevenue": "132764329000",
            "costOfRevenue": "69331327000",
            "costofGoodsAndServicesSold": "69331327000",
            "operatingIncome": "46254682000",
            "sellingGeneralAndAdministrative": "4132621000",
            "researchAndDevelopment": "10504785000",
            "operatingExpenses": "86509647000",
            "investmentIncomeNet": "None",
            "netInterestIncome": "None",
            "interestIncome": "None",
            "interestExpense": "334982000",
            "nonInterestIncome": "None",
            "otherNonOperatingIncome": "None",
            "depreciation": "None",
            "depreciationAndAmortization": "36205009000",
            "incomeBeforeTax": "46247444000",
            "incomeTaxExpense": "4763045000",
            "interestAndDebtExpense": "None",
            "netIncomeFromContinuingOperations": "0",
            "comprehensiveIncomeNetOfTax": "None",
            "ebit": "47871742000",
            "ebitda": "84076751000",
            "netIncome": "41569266000"
        },
        {
            "fiscalDateEnding": "2012-12-31",
            "reportedCurrency": "TWD",
            "grossProfit": "61948319000",
            "totalRevenue": "131279646000",
            "costOfRevenue": "69331327000",
            "costofGoodsAndServicesSold": "69331327000",
            "operatingIncome": "46254682000",
            "sellingGeneralAndAdministrative": "4132621000",
            "researchAndDevelopment": "10504785000",
            "operatingExpenses": "85024964000",
            "investmentIncomeNet": "None",
            "netInterestIncome": "None",
            "interestIncome": "None",
            "interestExpense": "334982000",
            "nonInterestIncome": "None",
            "otherNonOperatingIncome": "None",
            "depreciation": "None",
            "depreciationAndAmortization": "36205009000",
            "incomeBeforeTax": "46247444000",
            "incomeTaxExpense": "4763045000",
            "interestAndDebtExpense": "None",
            "netIncomeFromContinuingOperations": "0",
            "comprehensiveIncomeNetOfTax": "None",
            "ebit": "46667293000",
            "ebitda": "82872302000",
            "netIncome": "41569266000"
        },
        {
            "fiscalDateEnding": "2012-09-30",
            "reportedCurrency": "TWD",
            "grossProfit": "69165133000",
            "totalRevenue": "141509634000",
            "costOfRevenue": "72344501000",
            "costofGoodsAndServicesSold": "72344501000",
            "operatingIncome": "52797978000",
            "sellingGeneralAndAdministrative": "4478517000",
            "researchAndDevelopment": "10656855000",
            "operatingExpenses": "88711656000",
            "investmentIncomeNet": "None",
            "netInterestIncome": "None",
            "interestIncome": "None",
            "interestExpense": "270332000",
            "nonInterestIncome": "None",
            "otherNonOperatingIncome": "None",
            "depreciation": "None",
            "depreciationAndAmortization": "34678053000",
            "incomeBeforeTax": "53762341000",
            "incomeTaxExpense": "4340047000",
            "interestAndDebtExpense": "None",
            "netIncomeFromContinuingOperations": "0",
            "comprehensiveIncomeNetOfTax": "None",
            "ebit": "53868524000",
            "ebitda": "88546577000",
            "netIncome": "49379633000"
        },
        {
            "fiscalDateEnding": "2012-06-30",
            "reportedCurrency": "TWD",
            "grossProfit": "70033097000",
            "totalRevenue": "127972352000",
            "costOfRevenue": "57939255000",
            "costofGoodsAndServicesSold": "57939255000",
            "operatingIncome": "46872088000",
            "sellingGeneralAndAdministrative": "4364938000",
            "researchAndDevelopment": "10068390000",
            "operatingExpenses": "81100264000",
            "investmentIncomeNet": "None",
            "netInterestIncome": "None",
            "interestIncome": "None",
            "interestExpense": "197266000",
            "nonInterestIncome": "None",
            "otherNonOperatingIncome": "None",
            "depreciation": "None",
            "depreciationAndAmortization": "32460831000",
            "incomeBeforeTax": "45956931000",
            "incomeTaxExpense": "4157315000",
            "interestAndDebtExpense": "None",
            "netIncomeFromContinuingOperations": "0",
            "comprehensiveIncomeNetOfTax": "None",
            "ebit": "48079150000",
            "ebitda": "80539981000",
            "netIncome": "41843339000"
        },
        {
            "fiscalDateEnding": "2012-03-31",
            "reportedCurrency": "TWD",
            "grossProfit": "47642449000",
            "totalRevenue": "105581704000",
            "costOfRevenue": "57939255000",
            "costofGoodsAndServicesSold": "57939255000",
            "operatingIncome": "32930039000",
            "sellingGeneralAndAdministrative": "3910503000",
            "researchAndDevelopment": "8753900000",
            "operatingExpenses": "72651665000",
            "investmentIncomeNet": "None",
            "netInterestIncome": "None",
            "interestIncome": "None",
            "interestExpense": "205986000",
            "nonInterestIncome": "None",
            "otherNonOperatingIncome": "None",
            "depreciation": "None",
            "depreciationAndAmortization": "27741725000",
            "incomeBeforeTax": "33620642000",
            "incomeTaxExpense": "2056136000",
            "interestAndDebtExpense": "None",
            "netIncomeFromContinuingOperations": "0",
            "comprehensiveIncomeNetOfTax": "None",
            "ebit": "33378882000",
            "ebitda": "61120607000",
            "netIncome": "31578669000"
        },
        {
            "fiscalDateEnding": "2011-12-31",
            "reportedCurrency": "TWD",
            "grossProfit": "46771867000",
            "totalRevenue": "104711122000",
            "costOfRevenue": "57939255000",
            "costofGoodsAndServicesSold": "57939255000",
            "operatingIncome": "32930039000",
            "sellingGeneralAndAdministrative": "3910503000",
            "researchAndDevelopment": "8753900000",
            "operatingExpenses": "71781083000",
            "investmentIncomeNet": "None",
            "netInterestIncome": "None",
            "interestIncome": "None",
            "interestExpense": "205986000",
            "nonInterestIncome": "None",
            "otherNonOperatingIncome": "None",
            "depreciation": "None",
            "depreciationAndAmortization": "27741725000",
            "incomeBeforeTax": "33620642000",
            "incomeTaxExpense": "2056136000",
            "interestAndDebtExpense": "None",
            "netIncomeFromContinuingOperations": "0",
            "comprehensiveIncomeNetOfTax": "None",
            "ebit": "33840791000",
            "ebitda": "61582516000",
            "netIncome": "31578669000"
        },
        {
            "fiscalDateEnding": "2011-09-30",
            "reportedCurrency": "TWD",
            "grossProfit": "44770662000",
            "totalRevenue": "106483616000",
            "costOfRevenue": "61712954000",
            "costofGoodsAndServicesSold": "61712954000",
            "operatingIncome": "31598074000",
            "sellingGeneralAndAdministrative": "3472255000",
            "researchAndDevelopment": "8619323000",
            "operatingExpenses": "74885542000",
            "investmentIncomeNet": "None",
            "netInterestIncome": "None",
            "interestIncome": "None",
            "interestExpense": "177453000",
            "nonInterestIncome": "None",
            "otherNonOperatingIncome": "None",
            "depreciation": "None",
            "depreciationAndAmortization": "28347540000",
            "incomeBeforeTax": "32159939000",
            "incomeTaxExpense": "1726436000",
            "interestAndDebtExpense": "None",
            "netIncomeFromContinuingOperations": "0",
            "comprehensiveIncomeNetOfTax": "None",
            "ebit": "31598074000",
            "ebitda": "59945614000",
            "netIncome": "30394524000"
        },
        {
            "fiscalDateEnding": "2011-06-30",
            "reportedCurrency": "TWD",
            "grossProfit": "50855959000",
            "totalRevenue": "110508367000",
            "costOfRevenue": "59652408000",
            "costofGoodsAndServicesSold": "59652408000",
            "operatingIncome": "37866307000",
            "sellingGeneralAndAdministrative": "3438514000",
            "researchAndDevelopment": "8493049000",
            "operatingExpenses": "72642060000",
            "investmentIncomeNet": "None",
            "netInterestIncome": "None",
            "interestIncome": "None",
            "interestExpense": "123339000",
            "nonInterestIncome": "None",
            "otherNonOperatingIncome": "None",
            "depreciation": "None",
            "depreciationAndAmortization": "27158116000",
            "incomeBeforeTax": "39054677000",
            "incomeTaxExpense": "3026478000",
            "interestAndDebtExpense": "None",
            "netIncomeFromContinuingOperations": "0",
            "comprehensiveIncomeNetOfTax": "None",
            "ebit": "38518902000",
            "ebitda": "65677018000",
            "netIncome": "35950334000"
        },
        {
            "fiscalDateEnding": "2011-03-31",
            "reportedCurrency": "TWD",
            "grossProfit": "50052522000",
            "totalRevenue": "105377495000",
            "costOfRevenue": "55324973000",
            "costofGoodsAndServicesSold": "55324973000",
            "operatingIncome": "41513443000",
            "sellingGeneralAndAdministrative": "3825487000",
            "researchAndDevelopment": "8071970000",
            "operatingExpenses": "63864052000",
            "investmentIncomeNet": "None",
            "netInterestIncome": "None",
            "interestIncome": "None",
            "interestExpense": "123165000",
            "nonInterestIncome": "None",
            "otherNonOperatingIncome": "None",
            "depreciation": "None",
            "depreciationAndAmortization": "23304282000",
            "incomeBeforeTax": "42882314000",
            "incomeTaxExpense": "2015420000",
            "interestAndDebtExpense": "None",
            "netIncomeFromContinuingOperations": "0",
            "comprehensiveIncomeNetOfTax": "None",
            "ebit": "43482713000",
            "ebitda": "66786995000",
            "netIncome": "40720440000"
        },
        {
            "fiscalDateEnding": "2010-12-31",
            "reportedCurrency": "TWD",
            "grossProfit": "54817225000",
            "totalRevenue": "110142198000",
            "costOfRevenue": "55324973000",
            "costofGoodsAndServicesSold": "55324973000",
            "operatingIncome": "41513443000",
            "sellingGeneralAndAdministrative": "3825487000",
            "researchAndDevelopment": "8071970000",
            "operatingExpenses": "68628755000",
            "investmentIncomeNet": "None",
            "netInterestIncome": "None",
            "interestIncome": "None",
            "interestExpense": "123165000",
            "nonInterestIncome": "None",
            "otherNonOperatingIncome": "None",
            "depreciation": "None",
            "depreciationAndAmortization": "23304282000",
            "incomeBeforeTax": "42882314000",
            "incomeTaxExpense": "2015420000",
            "interestAndDebtExpense": "None",
            "netIncomeFromContinuingOperations": "0",
            "comprehensiveIncomeNetOfTax": "None",
            "ebit": "42859025000",
            "ebitda": "66163307000",
            "netIncome": "40720440000"
        },
        {
            "fiscalDateEnding": "2010-09-30",
            "reportedCurrency": "TWD",
            "grossProfit": "56124775000",
            "totalRevenue": "112246699000",
            "costOfRevenue": "56121924000",
            "costofGoodsAndServicesSold": "56121924000",
            "operatingIncome": "43065502000",
            "sellingGeneralAndAdministrative": "3575355000",
            "researchAndDevelopment": "8034839000",
            "operatingExpenses": "69181197000",
            "investmentIncomeNet": "None",
            "netInterestIncome": "None",
            "interestIncome": "None",
            "interestExpense": "117288000",
            "nonInterestIncome": "None",
            "otherNonOperatingIncome": "None",
            "depreciation": "None",
            "depreciationAndAmortization": "22372015000",
            "incomeBeforeTax": "49675179000",
            "incomeTaxExpense": "2551723000",
            "interestAndDebtExpense": "None",
            "netIncomeFromContinuingOperations": "0",
            "comprehensiveIncomeNetOfTax": "None",
            "ebit": "44381196000",
            "ebitda": "66753211000",
            "netIncome": "46939527000"
        },
        {
            "fiscalDateEnding": "2010-06-30",
            "reportedCurrency": "TWD",
            "grossProfit": "51926109000",
            "totalRevenue": "104962317000",
            "costOfRevenue": "53036208000",
            "costofGoodsAndServicesSold": "53036208000",
            "operatingIncome": "40468693000",
            "sellingGeneralAndAdministrative": "2931179000",
            "researchAndDevelopment": "7190051000",
            "operatingExpenses": "64493624000",
            "investmentIncomeNet": "None",
            "netInterestIncome": "None",
            "interestIncome": "None",
            "interestExpense": "97501000",
            "nonInterestIncome": "None",
            "otherNonOperatingIncome": "None",
            "depreciation": "None",
            "depreciationAndAmortization": "21131133000",
            "incomeBeforeTax": "42410131000",
            "incomeTaxExpense": "1943896000",
            "interestAndDebtExpense": "None",
            "netIncomeFromContinuingOperations": "0",
            "comprehensiveIncomeNetOfTax": "None",
            "ebit": "41426134000",
            "ebitda": "62557267000",
            "netIncome": "40281916000"
        },
        {
            "fiscalDateEnding": "2010-03-31",
            "reportedCurrency": "TWD",
            "grossProfit": "44786966000",
            "totalRevenue": "92186686000",
            "costOfRevenue": "47399720000",
            "costofGoodsAndServicesSold": "47399720000",
            "operatingIncome": "33641888000",
            "sellingGeneralAndAdministrative": "3268524000",
            "researchAndDevelopment": "6567067000",
            "operatingExpenses": "58544798000",
            "investmentIncomeNet": "None",
            "netInterestIncome": "None",
            "interestIncome": "None",
            "interestExpense": "93573000",
            "nonInterestIncome": "None",
            "otherNonOperatingIncome": "None",
            "depreciation": "None",
            "depreciationAndAmortization": "20277361000",
            "incomeBeforeTax": "35367926000",
            "incomeTaxExpense": "2507537000",
            "interestAndDebtExpense": "None",
            "netIncomeFromContinuingOperations": "0",
            "comprehensiveIncomeNetOfTax": "None",
            "ebit": "37501388000",
            "ebitda": "57778749000",
            "netIncome": "32666013000"
        },
        {
            "fiscalDateEnding": "2009-12-31",
            "reportedCurrency": "TWD",
            "grossProfit": "44694689000",
            "totalRevenue": "92094409000",
            "costOfRevenue": "47399720000",
            "costofGoodsAndServicesSold": "47399720000",
            "operatingIncome": "33641888000",
            "sellingGeneralAndAdministrative": "3268524000",
            "researchAndDevelopment": "6567067000",
            "operatingExpenses": "58452521000",
            "investmentIncomeNet": "None",
            "netInterestIncome": "None",
            "interestIncome": "None",
            "interestExpense": "93573000",
            "nonInterestIncome": "None",
            "otherNonOperatingIncome": "None",
            "depreciation": "None",
            "depreciationAndAmortization": "20277361000",
            "incomeBeforeTax": "35367926000",
            "incomeTaxExpense": "2507537000",
            "interestAndDebtExpense": "None",
            "netIncomeFromContinuingOperations": "0",
            "comprehensiveIncomeNetOfTax": "None",
            "ebit": "35267123000",
            "ebitda": "55544484000",
            "netIncome": "32666013000"
        },
        {
            "fiscalDateEnding": "2009-09-30",
            "reportedCurrency": "TWD",
            "grossProfit": "42857911000",
            "totalRevenue": "89935791000",
            "costOfRevenue": "47077880000",
            "costofGoodsAndServicesSold": "47077880000",
            "operatingIncome": "31984012000",
            "sellingGeneralAndAdministrative": "3540976000",
            "researchAndDevelopment": "6201333000",
            "operatingExpenses": "57951779000",
            "investmentIncomeNet": "None",
            "netInterestIncome": "None",
            "interestIncome": "None",
            "interestExpense": "1263238000",
            "nonInterestIncome": "None",
            "otherNonOperatingIncome": "None",
            "depreciation": "None",
            "depreciationAndAmortization": "20001339000",
            "incomeBeforeTax": "32957674000",
            "incomeTaxExpense": "2284863000",
            "interestAndDebtExpense": "None",
            "netIncomeFromContinuingOperations": "0",
            "comprehensiveIncomeNetOfTax": "None",
            "ebit": "31572412000",
            "ebitda": "51573751000",
            "netIncome": "30550787000"
        },
        {
            "fiscalDateEnding": "2009-06-30",
            "reportedCurrency": "TWD",
            "grossProfit": "34295714000",
            "totalRevenue": "74211714000",
            "costOfRevenue": "39916000000",
            "costofGoodsAndServicesSold": "39916000000",
            "operatingIncome": "25126575000",
            "sellingGeneralAndAdministrative": "2881000000",
            "researchAndDevelopment": "5096000000",
            "operatingExpenses": "49085139000",
            "investmentIncomeNet": "None",
            "netInterestIncome": "None",
            "interestIncome": "None",
            "interestExpense": "2520000000",
            "nonInterestIncome": "None",
            "otherNonOperatingIncome": "None",
            "depreciation": "None",
            "depreciationAndAmortization": "20052537000",
            "incomeBeforeTax": "26389000000",
            "incomeTaxExpense": "1943000000",
            "interestAndDebtExpense": "None",
            "netIncomeFromContinuingOperations": "0",
            "comprehensiveIncomeNetOfTax": "None",
            "ebit": "23865000000",
            "ebitda": "43917537000",
            "netIncome": "24442000000"
        },
        {
            "fiscalDateEnding": "2009-03-31",
            "reportedCurrency": "TWD",
            "grossProfit": "20898429195",
            "totalRevenue": "66169450938",
            "costOfRevenue": "45271021743",
            "costofGoodsAndServicesSold": "45271021743",
            "operatingIncome": "12547531141",
            "sellingGeneralAndAdministrative": "1594563000",
            "researchAndDevelopment": "4928172161",
            "operatingExpenses": "53621919797",
            "investmentIncomeNet": "None",
            "netInterestIncome": "None",
            "interestIncome": "None",
            "interestExpense": "107625000",
            "nonInterestIncome": "None",
            "otherNonOperatingIncome": "None",
            "depreciation": "None",
            "depreciationAndAmortization": "21342194662",
            "incomeBeforeTax": "13654245007",
            "incomeTaxExpense": "508607952",
            "interestAndDebtExpense": "None",
            "netIncomeFromContinuingOperations": "0",
            "comprehensiveIncomeNetOfTax": "None",
            "ebit": "12301183041",
            "ebitda": "33643377703",
            "netIncome": "12947547209"
        },
        {
            "fiscalDateEnding": "2008-12-31",
            "reportedCurrency": "TWD",
            "grossProfit": "20898429195",
            "totalRevenue": "66169450938",
            "costOfRevenue": "45271021743",
            "costofGoodsAndServicesSold": "45271021743",
            "operatingIncome": "12547531141",
            "sellingGeneralAndAdministrative": "3422725893",
            "researchAndDevelopment": "4928172161",
            "operatingExpenses": "53621919797",
            "investmentIncomeNet": "None",
            "netInterestIncome": "None",
            "interestIncome": "None",
            "interestExpense": "18773000",
            "nonInterestIncome": "None",
            "otherNonOperatingIncome": "None",
            "depreciation": "None",
            "depreciationAndAmortization": "21342194662",
            "incomeBeforeTax": "13654245007",
            "incomeTaxExpense": "508607952",
            "interestAndDebtExpense": "None",
            "netIncomeFromContinuingOperations": "0",
            "comprehensiveIncomeNetOfTax": "None",
            "ebit": "13456155161",
            "ebitda": "34798349823",
            "netIncome": "12947547209"
        },
        {
            "fiscalDateEnding": "2008-09-30",
            "reportedCurrency": "TWD",
            "grossProfit": "42981246600",
            "totalRevenue": "92736246290",
            "costOfRevenue": "49754999690",
            "costofGoodsAndServicesSold": "49754999690",
            "operatingIncome": "32831507864",
            "sellingGeneralAndAdministrative": "4184582614",
            "researchAndDevelopment": "5965156122",
            "operatingExpenses": "59904738426",
            "investmentIncomeNet": "None",
            "netInterestIncome": "None",
            "interestIncome": "None",
            "interestExpense": "1491232726",
            "nonInterestIncome": "None",
            "otherNonOperatingIncome": "None",
            "depreciation": "None",
            "depreciationAndAmortization": "24264003828.64",
            "incomeBeforeTax": "34340082376",
            "incomeTaxExpense": "3648692470",
            "interestAndDebtExpense": "None",
            "netIncomeFromContinuingOperations": "0",
            "comprehensiveIncomeNetOfTax": "None",
            "ebit": "32651301290",
            "ebitda": "56915305118.64",
            "netIncome": "30493841546"
        },
        {
            "fiscalDateEnding": "2008-06-30",
            "reportedCurrency": "TWD",
            "grossProfit": "39298664203.62",
            "totalRevenue": "85482402066.62",
            "costOfRevenue": "46183737863",
            "costofGoodsAndServicesSold": "46183737863",
            "operatingIncome": "30821628799.22",
            "sellingGeneralAndAdministrative": "3453722816.96",
            "researchAndDevelopment": "4956318086.96",
            "operatingExpenses": "54660773267.40",
            "investmentIncomeNet": "None",
            "netInterestIncome": "None",
            "interestIncome": "None",
            "interestExpense": "1995841139.54",
            "nonInterestIncome": "None",
            "otherNonOperatingIncome": "None",
            "depreciation": "None",
            "depreciationAndAmortization": "17075858089.36",
            "incomeBeforeTax": "32159302855.04",
            "incomeTaxExpense": "3426372547.50",
            "interestAndDebtExpense": "None",
            "netIncomeFromContinuingOperations": "0",
            "comprehensiveIncomeNetOfTax": "None",
            "ebit": "30163492070.96",
            "ebitda": "47239350160.32",
            "netIncome": "28732960663"
        },
        {
            "fiscalDateEnding": "2008-03-31",
            "reportedCurrency": "TWD",
            "grossProfit": "46008001222",
            "totalRevenue": "96640339245",
            "costOfRevenue": "50632338023",
            "costofGoodsAndServicesSold": "50632338023",
            "operatingIncome": "37641170580",
            "sellingGeneralAndAdministrative": "2700000",
            "researchAndDevelopment": "5170875302",
            "operatingExpenses": "58999168665",
            "investmentIncomeNet": "None",
            "netInterestIncome": "None",
            "interestIncome": "None",
            "interestExpense": "583647393",
            "nonInterestIncome": "None",
            "otherNonOperatingIncome": "None",
            "depreciation": "None",
            "depreciationAndAmortization": "20897201782",
            "incomeBeforeTax": "40326171007",
            "incomeTaxExpense": "4703389853",
            "interestAndDebtExpense": "None",
            "netIncomeFromContinuingOperations": "0",
            "comprehensiveIncomeNetOfTax": "None",
            "ebit": "40675662931",
            "ebitda": "61572864713",
            "netIncome": "35388625685"
        },
        {
            "fiscalDateEnding": "2007-12-31",
            "reportedCurrency": "TWD",
            "grossProfit": "46008001222",
            "totalRevenue": "96640339245",
            "costOfRevenue": "50632338023",
            "costofGoodsAndServicesSold": "50632338023",
            "operatingIncome": "37641170580",
            "sellingGeneralAndAdministrative": "3195955340",
            "researchAndDevelopment": "5170875302",
            "operatingExpenses": "58999168665",
            "investmentIncomeNet": "None",
            "netInterestIncome": "None",
            "interestIncome": "None",
            "interestExpense": "25970000",
            "nonInterestIncome": "None",
            "otherNonOperatingIncome": "None",
            "depreciation": "None",
            "depreciationAndAmortization": "20897201782",
            "incomeBeforeTax": "40326171007",
            "incomeTaxExpense": "4703389853",
            "interestAndDebtExpense": "None",
            "netIncomeFromContinuingOperations": "0",
            "comprehensiveIncomeNetOfTax": "None",
            "ebit": "40092015538",
            "ebitda": "60989217320",
            "netIncome": "35388625685"
        },
        {
            "fiscalDateEnding": "2007-09-30",
            "reportedCurrency": "TWD",
            "grossProfit": "40286171640",
            "totalRevenue": "88003773000",
            "costOfRevenue": "47717601360",
            "costofGoodsAndServicesSold": "47717601360",
            "operatingIncome": "32007298180",
            "sellingGeneralAndAdministrative": "3650526880",
            "researchAndDevelopment": "4628346580",
            "operatingExpenses": "55996474820",
            "investmentIncomeNet": "None",
            "netInterestIncome": "None",
            "interestIncome": "None",
            "interestExpense": "2672707180",
            "nonInterestIncome": "None",
            "otherNonOperatingIncome": "None",
            "depreciation": "None",
            "depreciationAndAmortization": "19128324374.24",
            "incomeBeforeTax": "33865155610",
            "incomeTaxExpense": "3552744910",
            "interestAndDebtExpense": "None",
            "netIncomeFromContinuingOperations": "0",
            "comprehensiveIncomeNetOfTax": "None",
            "ebit": "30931696510",
            "ebitda": "50060020884.24",
            "netIncome": "30051658780"
        },
        {
            "fiscalDateEnding": "2007-06-30",
            "reportedCurrency": "TWD",
            "grossProfit": "32232172339.28",
            "totalRevenue": "75038872956.76",
            "costOfRevenue": "42806700617.48",
            "costofGoodsAndServicesSold": "42806700617.48",
            "operatingIncome": "24774093057.44",
            "sellingGeneralAndAdministrative": "3149912589.52",
            "researchAndDevelopment": "4308133852.68",
            "operatingExpenses": "50264779899.32",
            "investmentIncomeNet": "None",
            "netInterestIncome": "None",
            "interestIncome": "None",
            "interestExpense": "3877704691.20",
            "nonInterestIncome": "None",
            "otherNonOperatingIncome": "None",
            "depreciation": "None",
            "depreciationAndAmortization": "19478897685.76",
            "incomeBeforeTax": "28069485252.16",
            "incomeTaxExpense": "2398311748.84",
            "interestAndDebtExpense": "None",
            "netIncomeFromContinuingOperations": "0",
            "comprehensiveIncomeNetOfTax": "None",
            "ebit": "24045184408",
            "ebitda": "43524082093.76",
            "netIncome": "25524577350.36"
        },
        {
            "fiscalDateEnding": "2007-03-31",
            "reportedCurrency": "TWD",
            "grossProfit": "-27156920105.08",
            "totalRevenue": "11308579547.19",
            "costOfRevenue": "38465499652.27",
            "costofGoodsAndServicesSold": "38465499652.27",
            "operatingIncome": "28409575367.15",
            "sellingGeneralAndAdministrative": "3400000",
            "researchAndDevelopment": "4872358705.53",
            "operatingExpenses": "-17100995819.96",
            "investmentIncomeNet": "None",
            "netInterestIncome": "None",
            "interestIncome": "None",
            "interestExpense": "67754521037.76",
            "nonInterestIncome": "None",
            "otherNonOperatingIncome": "None",
            "depreciation": "None",
            "depreciationAndAmortization": "24901463715.83",
            "incomeBeforeTax": "27887330237.05",
            "incomeTaxExpense": "1622667333.33",
            "interestAndDebtExpense": "None",
            "netIncomeFromContinuingOperations": "0",
            "comprehensiveIncomeNetOfTax": "None",
            "ebit": "-38200391846.66",
            "ebitda": "-13298928130.83",
            "netIncome": "27931461857.77"
        },
        {
            "fiscalDateEnding": "2006-12-31",
            "reportedCurrency": "TWD",
            "grossProfit": "-27156920105.08",
            "totalRevenue": "11308579547.19",
            "costOfRevenue": "38465499652.27",
            "costofGoodsAndServicesSold": "38465499652.27",
            "operatingIncome": "-37789251533.42",
            "sellingGeneralAndAdministrative": "5760005822.24",
            "researchAndDevelopment": "4872358705.53",
            "operatingExpenses": "49097831080.61",
            "investmentIncomeNet": "None",
            "netInterestIncome": "None",
            "interestIncome": "None",
            "interestExpense": "27327000",
            "nonInterestIncome": "None",
            "otherNonOperatingIncome": "None",
            "depreciation": "None",
            "depreciationAndAmortization": "24901463715.83",
            "incomeBeforeTax": "27887330237.05",
            "incomeTaxExpense": "1622667333.33",
            "interestAndDebtExpense": "None",
            "netIncomeFromContinuingOperations": "0",
            "comprehensiveIncomeNetOfTax": "None",
            "ebit": "29554129191.10",
            "ebitda": "54455592906.93",
            "netIncome": "27931461857.77"
        },
        {
            "fiscalDateEnding": "2006-09-30",
            "reportedCurrency": "TWD",
            "grossProfit": "39245630057.27",
            "totalRevenue": "81392921645.49",
            "costOfRevenue": "42147291588.22",
            "costofGoodsAndServicesSold": "42147291588.22",
            "operatingIncome": "33020785754.32",
            "sellingGeneralAndAdministrative": "2275850607.94",
            "researchAndDevelopment": "3948960595.58",
            "operatingExpenses": "48372135891.17",
            "investmentIncomeNet": "None",
            "netInterestIncome": "None",
            "interestIncome": "None",
            "interestExpense": "1160399816.94",
            "nonInterestIncome": "None",
            "otherNonOperatingIncome": "None",
            "depreciation": "None",
            "depreciationAndAmortization": "16545857253.18",
            "incomeBeforeTax": "34575730776.86",
            "incomeTaxExpense": "2099232049.46",
            "interestAndDebtExpense": "None",
            "netIncomeFromContinuingOperations": "0",
            "comprehensiveIncomeNetOfTax": "None",
            "ebit": "33415330959.92",
            "ebitda": "49961188213.10",
            "netIncome": "32476498727.40"
        },
        {
            "fiscalDateEnding": "2006-06-30",
            "reportedCurrency": "TWD",
            "grossProfit": "40189325703.23",
            "totalRevenue": "80137089849.96",
            "costOfRevenue": "39947764146.73",
            "costofGoodsAndServicesSold": "39947764146.73",
            "operatingIncome": "33175869623.49",
            "sellingGeneralAndAdministrative": "3086183960.97",
            "researchAndDevelopment": "3927304543.14",
            "operatingExpenses": "46961220226.47",
            "investmentIncomeNet": "None",
            "netInterestIncome": "None",
            "interestIncome": "None",
            "interestExpense": "2272235000.86",
            "nonInterestIncome": "None",
            "otherNonOperatingIncome": "None",
            "depreciation": "None",
            "depreciationAndAmortization": "16285103204.27",
            "incomeBeforeTax": "34661456983.78",
            "incomeTaxExpense": "2071657848.04",
            "interestAndDebtExpense": "None",
            "netIncomeFromContinuingOperations": "0",
            "comprehensiveIncomeNetOfTax": "None",
            "ebit": "33167439287.29",
            "ebitda": "49452542491.56",
            "netIncome": "33368016440.11"
        },
        {
            "fiscalDateEnding": "2006-03-31",
            "reportedCurrency": "TWD",
            "grossProfit": "43012131124.62",
            "totalRevenue": "83533993570.33",
            "costOfRevenue": "40521862445.71",
            "costofGoodsAndServicesSold": "40521862445.71",
            "operatingIncome": "32322243750.28",
            "sellingGeneralAndAdministrative": "4400000",
            "researchAndDevelopment": "4063744725.20",
            "operatingExpenses": "51211749820.05",
            "investmentIncomeNet": "None",
            "netInterestIncome": "None",
            "interestIncome": "None",
            "interestExpense": "5649165537.63",
            "nonInterestIncome": "None",
            "otherNonOperatingIncome": "None",
            "depreciation": "None",
            "depreciationAndAmortization": "24355962393.28",
            "incomeBeforeTax": "35999261004.81",
            "incomeTaxExpense": "1891951684.83",
            "interestAndDebtExpense": "None",
            "netIncomeFromContinuingOperations": "0",
            "comprehensiveIncomeNetOfTax": "None",
            "ebit": "30292217867.18",
            "ebitda": "54648180260.46",
            "netIncome": "34049431719.98"
        },
        {
            "fiscalDateEnding": "2005-12-31",
            "reportedCurrency": "TWD",
            "grossProfit": "43012131124.62",
            "totalRevenue": "83533993570.33",
            "costOfRevenue": "40521862445.71",
            "costofGoodsAndServicesSold": "40521862445.71",
            "operatingIncome": "32322276635.28",
            "sellingGeneralAndAdministrative": "6626142949.25",
            "researchAndDevelopment": "4063744725.20",
            "operatingExpenses": "51211716935.05",
            "investmentIncomeNet": "None",
            "netInterestIncome": "None",
            "interestIncome": "None",
            "interestExpense": "81174000",
            "nonInterestIncome": "None",
            "otherNonOperatingIncome": "None",
            "depreciation": "None",
            "depreciationAndAmortization": "24355962393.28",
            "incomeBeforeTax": "35999261004.81",
            "incomeTaxExpense": "1891951684.83",
            "interestAndDebtExpense": "None",
            "netIncomeFromContinuingOperations": "0",
            "comprehensiveIncomeNetOfTax": "None",
            "ebit": "35941383404.81",
            "ebitda": "60297345798.09",
            "netIncome": "34049431719.98"
        }
    ]
}